2804 4524
245 293 287 352 et
349 299 351 308 ¹
605 259 918 348 Equ'rututo

249 478 331 536 esse,
346 453 432 542 quud
458 463 490 519 et
504 453 629 520 dicendi
644 453 753 520 ardore
767 478 851 522 eram
867 455 1005 542 propior,
1031 467 1063 522 et
1086 465 1179 522 aetute
1199 477 1279 523 cone

242 571 397 660 junctior.
441 571 572 638 Etenim
599 571 736 636 videram
764 573 798 636 in
814 573 925 638 iisdem
941 573 1058 656 causis,
1084 585 1120 640 ut
1145 596 1203 662 pru
1222 573 1273 639 M.

249 696 415 778 Canuleio,
426 719 484 782 pro
496 697 557 760 Cn.
572 697 740 760 Dolabellll
751 698 919 778 consulari,
934 703 1006 764 curn
1022 699 1117 766 Cotta
1127 699 1274 786 princeps

248 819 408 886 adhibitus
435 829 530 897 esset,
544 818 664 904 priores
680 830 787 884 tamen
802 841 893 903 agere
919 831 1023 906 partes
1052 822 1274 888 Hortensium.

246 946 362 1010 Acretn
375 943 462 1006 enim
473 953 639 1022 oratorem,
652 942 828 1023 incensum,
844 953 877 1010 et
891 955 1051 1027 agentem,
1067 956 1275 1026 eternorum,

196 1115 202 1128 ,
248 1087 420 1132 concursus
442 1065 620 1144 hominurn,
641 1065 763 1149 forique
788 1065 937 1150 strepitus
964 1067 1128 1133 desiderat.
1165 1069 1275 1134 Unum

248 1190 346 1274 igitur
372 1209 503 1267 annum,
527 1189 606 1279 cunr
624 1187 824 1252 rediissemus
846 1209 885 1252 ex
910 1189 996 1269 nsit,
1023 1211 1132 1254 causus
1152 1182 1276 1256 nobiles

246 1313 382 1396 egimus.
413 1310 545 1376 Interim
560 1331 612 1374 me
627 1321 818 1396 quaestorern
834 1311 1008 1378 Siciliensis
1023 1314 1147 1398 excepit
1159 1335 1277 1380 annus.

249 1435 332 1500 cum
346 1434 659 1518 cntemannopnstc
672 1433 1055 1521 sternutamentum,
1067 1434 1134 1522 jeun
1149 1435 1279 1500 videba-

246 1569 301 1624 tur
316 1557 394 1624 illud
406 1557 440 1622 in
457 1579 521 1638 me,
536 1555 690 1641 quidquid
705 1569 800 1638 esset,
823 1581 891 1624 esse
904 1561 1094 1646 perfeetum,
1116 1571 1149 1624 et
1161 1560 1280 1624 habere

238 1681 461 1748 ‘maturitatem
476 1677 633 1765 quandam
649 1699 750 1742 suam.
794 1679 901 1744 Nimis
917 1685 1017 1756 multa
1031 1681 1138 1746 videor
1158 1681 1196 1746 de
1212 1703 1277 1762 mc,

245 1805 314 1890 ipse
336 1805 532 1890 praesertim:
557 1807 612 1869 sed
636 1805 725 1866 omui
742 1801 815 1868 lruic
830 1803 968 1867 sermoni
994 1803 1190 1888 propositum
1215 1815 1276 1886 est,

250 1947 317 1994 non
339 1937 377 1990 ut
399 1927 563 2010 ingenium
590 1938 622 1991 et
637 1927 851 2012 eloquentiam
867 1947 969 1990 meum
984 1925 1166 2012 perspicies,
1193 1927 1277 1992 uude

245 2050 344 2133 longe
360 2051 482 2129 absum,
497 2049 552 2114 sed
567 2061 604 2114 ut
627 2053 766 2116 laborem
790 2059 823 2114 et
837 2049 1033 2116 industriam.
1078 2047 1159 2114 Cum
1180 2049 1279 2134 igitur

249 2191 350 2260 essem
374 2170 406 2234 in
429 2171 574 2256 plurimis
589 2171 703 2252 causis,
725 2181 757 2236 et
771 2171 805 2235 in
819 2170 1014 2256 principibus
1029 2171 1169 2256 patronis
1181 2172 1275 2258 quin-

248 2285 422 2378 quennium
439 2295 502 2358 fere
518 2305 670 2374 versatus,
684 2305 751 2360 tum
767 2295 799 2358 in
813 2293 989 2379 patrocinio
1001 2293 1158 2358 Siciliensi
1175 2295 1275 2358 mauri·

232 2419 298 2482 Διιιὲ
324 2416 357 2482 in
383 2427 540 2482 certamen
566 2416 651 2497 veni,
674 2416 855 2502 designatus
879 2417 979 2480 sedilis
1003 2439 1075 2482 cum
1110 2417 1276 2502 designato

249 2541 378 2606 consule
395 2539 581 2604 Hortensio.

290 2663 353 2729 Sed
368 2663 518 2748 quoniam
531 2663 635 2728 omnis
650 2663 702 2728 hic
718 2685 820 2730 sermo
845 2673 953 2728 noster
977 2685 1041 2728 non
1069 2664 1170 2726 solum
1195 2683 1275 2728 enu-

249 2784 456 2850 merationem
473 2795 644 2864 oratorum,
658 2789 766 2849 rerum
779 2784 874 2848 ctiam
887 2795 1046 2870 proeccpta
1061 2783 1205 2868 quaednm
1221 2783 1276 2846 de-

249 2909 385 2986 siderat;
410 2909 486 2992 quid
502 2919 652 2993 tanquam
669 2909 845 2972 notandum
860 2918 892 2972 et
906 2889 1218 2984 animadvertendum
1233 2907 1277 2970 sit

248 3029 283 3094 in
302 3029 487 3110 HortensiO,
503 3031 638 3096 breviter
654 3031 728 3096 licet
743 3029 858 3092 dicere.
903 3030 986 3092 Nam
999 3030 1026 3092 is
1042 3039 1115 3114 post
1128 3031 1276 3096 consula-

248 3161 319 3218 tum
335 3152 441 3238 (credo
453 3153 537 3236 quud
552 3153 682 3232 videret,
696 3173 736 3216 ex
747 3151 966 3215 consularibus
976 3153 1136 3216 neminem
1148 3175 1214 3216 esse
1226 3175 1278 3218 se·

247 3295 321 3339 cum
330 3271 589 3356 comparandtun,
599 3271 774 3356 negligeret
786 3283 892 3336 cutcru
906 3295 972 3352 eos,
985 3273 1038 3358 qui
1052 3276 1198 3338 consules
1211 3295 1276 3340 non

247 3396 397 3475 luissent)
416 3413 576 3458 summum
592 3393 672 3458 illud
687 3415 780 3458 suurn
797 3393 939 3456 studium
954 3393 1086 3474 remisit,
1110 3415 1173 3480 qno
1186 3397 1204 3458 u
1216 3417 1278 3478 pu-

251 3539 304 3600 ero
314 3521 415 3582 suerat
425 3517 584 3595 incensus,
594 3527 688 3602 atque
702 3517 733 3580 in
748 3516 893 3580 omniurn
905 3537 1007 3580 rerum
1018 3517 1212 3605 abundantii
1221 3539 1277 3580 vo·

249 3639 310 3704 luit
324 3639 458 3721 beatius,
474 3648 511 3704 ut
526 3638 595 3724 ipse
611 3641 755 3725 putabat,
775 3637 938 3702 remissius
954 3643 1037 3702 certe
1052 3619 1168 3701 virere.
1206 3639 1274 3704 Pri·

248 3777 331 3838 mus,
343 3768 376 3822 et
387 3759 549 3824 secundus
562 3779 677 3838 annus,
693 3767 725 3822 et
741 3757 853 3822 tertius
870 3767 995 3822 tantum
1011 3757 1099 3840 quusi
1114 3757 1153 3820 de
1167 3758 1276 3844 pietu-
1293 3797 1295 3803 ·

244 3903 288 3949 rae
304 3881 417 3950 veteris
432 3883 538 3950 colore
554 3882 741 3962 detraxerat,
764 3891 919 3967 quantum
936 3902 1000 3946 non
1016 3879 1118 3965 quivis
1136 3847 1274 3948 narses
