2804 4524
257 271 299 334 86
622 259 676 328 Eu
695 257 746 328 Μ.
767 256 938 332 'rutulo

189 509 195 520 ⁸
297 437 394 504 Velut
418 437 451 504 in
474 435 536 502 hlc
550 435 741 524 quaestione,
764 437 919 525 plerique'
931 437 1034 526 (quad
1050 437 1190 508 maxima
1210 443 1296 512 wei-

253 561 357 628 simile
372 571 433 642 est,
448 570 481 625 et
494 561 558 646 qub
574 581 696 640 omnes,
710 561 794 626 duce
809 565 933 644 naam,
947 561 1109 646 vehimur)
1129 563 1205 630 deos
1220 587 1298 636 esse

252 685 420 750 dixerunt:
451 683 596 750 dubitare
628 705 662 748 sc
688 681 902 768 Protagorasz
937 687 1045 752 nullos
1068 707 1138 752 esse
1162 689 1299 756 ammuh

254 807 411 892 Diagoras
441 804 562 870 Melius
591 815 624 868 et
654 803 843 870 'I'heodorus
868 805 1059 890 Cyrenaicae
1092 819 1300 892 putaverunt.

201 943 203 950 ’
253 931 320 1002 Qui
334 931 407 996 verb
421 929 498 993 deos
514 949 583 992 csse
598 927 757 1008 dixerunt,
770 931 862 994 tantb
873 939 949 994 sunt
963 929 998 994 in
1010 930 1159 996 varietate
1174 953 1211 997 ac
1227 932 1297 999 dis-

253 1051 399 1115 sensione
411 1048 588 1130 constituti,
604 1059 641 1114 ut
656 1071 765 1114 comm
780 1052 954 1118 molestum
970 1050 1012 1116 sit
1026 1073 1210 1118 enumerare
1219 1075 1296 1120 sen·

253 1172 380 1238 tentius.
424 1172 509 1238 Nam
525 1179 557 1238 et
578 1171 617 1236 dc
635 1172 745 1256 figuris
761 1173 952 1252 deorumst
968 1173 1008 1238 de
1028 1174 1106 1242 locis
1126 1187 1222 1262 atquc
1241 1197 1299 1242 se-

253 1297 359 1376 dibus,
381 1305 414 1360 ct
434 1295 560 1360 actione
577 1293 663 1374 vitra,
679 1297 781 1360 multa
794 1295 964 1362 dicuntur:
989 1297 1092 1382 deque
1106 1299 1157 1362 his
1171 1307 1302 1368 summa

255 1419 519 1506 philosophorum
541 1417 737 1512 dissensione
760 1427 909 1484 certatur.
952 1419 1050 1490 Quod
1066 1423 1140 1486 veru
1162 1421 1302 1504 maxime

252 1567 318 1610 reru
333 1563 524 1628 causamque
540 1541 695 1622 continet,
710 1551 770 1621 cst,
785 1544 892 1608 utrhm
910 1542 990 1608 nihil
1004 1554 1113 1628 ugsrrt,
1126 1545 1207 1610 nihil
1222 1568 1299 1611 mo·

257 1669 388 1748 llantur,
402 1689 438 1732 ac
454 1667 494 1730 ab
506 1665 594 1728 omni
612 1663 774 1728 curatione
789 1673 822 1728 ct
836 1663 1107 1730 administratione
1122 1689 1228 1732 rerum
1242 1689 1300 1733 ra-

259 1802 352 1870 ccnt3
377 1811 417 1854 an
433 1791 543 1853 contra
557 1791 596 1850 ab
612 1787 661 1850 his
678 1789 742 1852 ctd
757 1785 915 1872 principio
929 1787 1039 1852 omnia
1058 1789 1141 1852 lacta
1161 1797 1194 1852 et
1218 1809 1299 1854 cou-

254 1913 368 1978 stltuta
382 1911 458 1988 sint,
474 1920 507 1973 et
521 1909 561 1974 ad
575 1907 737 1974 infinitum
752 1917 879 1993 tempus
895 1919 1046 1992 regantur
1065 1923 1162 1996 atque
1186 1933 1298 1976 move-

254 2043 368 2112 antur3
391 2032 424 2096 in
443 2029 616 2118 primisque
626 2052 742 2114 magna
756 2029 911 2096 dissensio
927 2042 995 2099 est:
1019 2053 1117 2121 caque
1135 2031 1197 2098 nisi
1212 2033 1297 2122 diju-

254 2150 390 2231 dicetur,
412 2149 445 2212 in
467 2171 594 2214 summo
612 2170 714 2212 enorc
738 2151 869 2214 necesse
892 2159 941 2214 est
965 2117 1125 2231 homiues,
1147 2162 1242 2238 atque
1263 2154 1300 2220 iu

255 2273 464 2341 maximarum
484 2293 588 2338 rerum
608 2271 807 2357 ignoratione
831 2273 954 2338 versari.

296 2395 381 2461 Sunt
401 2395 486 2460 euim
509 2395 704 2482 philosophi,
726 2405 759 2460 et
780 2397 921 2476 filerunt,
944 2395 1000 2482 qui
1020 2379 1297 2469 omninb'nullan

247 2521 362 2588 hahere
383 2529 550 2586 censerent
570 2519 782 2584 humanarum
806 2541 911 2584 rerum
932 2519 1190 2606 procurationem
1204 2524 1293 2589 deos.

249 2647 395 2718 Quorum
410 2623 524 2710 sicera
538 2643 695 2708 sententia
711 2653 769 2724 est,
781 2663 853 2729 quae
870 2653 976 2728 potest
990 2665 1060 2708 csse
1074 2643 1196 2732 pietas?
1220 2670 1293 2734 quae

251 2771 426 2838 sanctitas?
452 2791 523 2856 quoe
539 2766 652 2852 religio
668 2768 788 2834 l'Haec
812 2767 897 2832 enim
918 2768 1026 2832 omnia
1049 2735 1126 2856 pure
1152 2791 1188 2834 ac
1210 2742 1295 2836 casth

229 2941 230 2944 ,
249 2893 416 2956 tribuenda
433 2893 564 2956 deorum
587 2890 711 2957 numini
732 2891 777 2955 ita
791 2901 882 2970 sunt,
899 2891 931 2983 si!
941 2891 1237 2958 animadvertuntur
1254 2894 1294 2958 ab

249 3009 310 3088 his,
331 3021 363 3074 ct
387 3011 413 3072 si
433 3021 481 3076 est
497 3009 617 3095 aliquid
639 3009 730 3074 baliis
746 3008 979 3074 immortalibus
995 3011 1164 3076 hominum
1180 3013 1292 3096 generi

250 3127 416 3196 tributum.
462 3131 519 3195 Sin
534 3143 642 3196 autem
666 3131 710 3196 dii
734 3153 839 3218 neque
856 3141 992 3218 possunt
1016 3155 1074 3200 nos
1090 3133 1213 3221 juvare,
1233 3157 1294 3200 nec

250 3258 373 3339 volunt,
397 3277 456 3319 nec
480 3265 591 3320 curant
615 3256 761 3337 ornr‘rinb,
786 3277 857 3336 nec,
883 3253 960 3344 quid
984 3279 1125 3342 agamus,
1148 3259 1295 3329 animad-

248 3385 386 3456 vertunt,
403 3397 462 3440 nec
476 3383 535 3456 est,
547 3375 632 3460 quod
645 3377 683 3440 ab
700 3373 750 3439 his
764 3373 803 3440 ad
818 3375 986 3440 hominum
1000 3377 1097 3442 vitam
1111 3399 1295 3464 permanare

249 3498 352 3585 possit
361 3523 370 3578 3
395 3497 470 3584 quid
487 3509 546 3578 est,
562 3497 647 3582 qubd
668 3499 748 3564 ullos
769 3495 829 3564 diis
848 3497 1080 3566 immortalibus
1095 3501 1216 3582 cultus,
1233 3503 1297 3568 ho-

251 3641 355 3700 nores,
371 3643 479 3706 proces
495 3621 723 3688 adhibeamus?
748 3623 787 3688 In
808 3623 913 3708 specie
928 3633 1036 3688 autem
1054 3623 1139 3689 fictae
1164 3625 1297 3690 simula-

252 3741 360 3834 tionis,
377 3743 459 3808 sicut
470 3735 600 3830 reliqum
616 3741 763 3824 virtutes,
784 3741 828 3808 ita
843 3743 942 3828 pietas
965 3743 1068 3807 inesse
1089 3765 1155 3808 non
1170 3757 1276 3828 potest
1286 3769 1296 3824 3

244 3837 324 3934 Ἒὸιη
341 3871 404 3954 qul
419 3867 513 3935 simul
539 3879 571 3933 et
589 3865 789 3934 sanctitatem
809 3878 841 3933 et
864 3867 1053 3954 religionum
1076 3868 1147 3934 tolli
1169 3891 1297 3936 necesse
