2750 4510
447 273 726 344 ualeamus.
1075 291 1130 350 llll

86 451 233 514 alterum
246 467 346 528 orare,
360 430 604 530 &subveniret
618 451 701 536 qued
717 447 777 516 sibi
792 453 811 516 a
827 471 968 537 caupone
984 452 1130 522 interitus

86 582 280 659 pararetur:
304 563 496 658 ciuisprimd
508 575 708 659 perterritum
724 573 849 638 somnio
863 576 1033 642 surrexisse
1048 603 1056 642 ε
1073 581 1129 646 de-

86 693 170 760 inde
185 697 260 758 edm
275 715 308 760 se
323 693 515 779 collegisset,
537 695 631 780 idque
646 671 749 760 visuui
763 718 820 782 pro
836 695 935 760 nihilo
951 698 1131 770 habendum

89 840 168 884 ease
181 817 337 898 duxisset,
351 817 556 884 recubuisset
580 819 691 884 tumel
708 819 875 884 dormienti
891 819 1027 886 eundem
1039 821 1129 892 illum

90 943 202 1008 visum
217 963 286 1007 erse
299 961 419 1025 rog-ue,
439 951 487 1020 ut,
509 941 657 1026 quoniam
674 942 733 1006 sibi
755 942 825 1006 vivo
841 963 905 1008 non
920 945 1131 1028 subvenisset,

89 1075 230 1131 monem
243 1085 333 1130 suam
350 1085 390 1130 ne
404 1065 537 1130 inultam
551 1087 619 1130 esse
637 1075 812 1151 pateretur3
834 1089 868 1132 se
887 1066 1087 1134 interiectum
1100 1072 1132 1134 ia

93 1189 274 1274 plaustrum
291 1190 311 1252 a
328 1207 469 1276 caupone
485 1207 552 1250 esse
572 1183 764 1272 conjectum,
786 1197 819 1250 et
833 1209 928 1274 supra
941 1199 1060 1256 stereus
1080 1191 1130 1254 in-

89 1309 240 1398 jectum:
267 1319 385 1394 petere,
411 1319 448 1374 ut
469 1311 560 1406 niune
583 1307 621 1372 ad
643 1319 767 1394 portam
788 1309 922 1390 adesset,
944 1311 1135 1400 priusquam

92 1435 274 1522 plaustrum
288 1453 327 1496 ex
342 1431 459 1518 oppido
473 1431 584 1496 exiret.
630 1429 704 1494 Hoc
724 1433 797 1496 veni
812 1434 936 1496 somnio
951 1457 1024 1500 eum
1039 1459 1129 1502 coar·

92 1563 220 1623 motum
236 1557 329 1617 mane
351 1553 491 1616 bubulco
505 1551 624 1636 priestd
640 1547 681 1613 ad
694 1561 817 1636 poclm
833 1551 954 1618 fuisses
977 1561 1128 1638 quesisse

95 1699 138 1742 ex
154 1699 205 1759 eo,
225 1676 302 1760 quid
321 1685 405 1740 esset
425 1659 634 1760 in'plaustrot
658 1673 749 1738 illum
768 1673 967 1763 perterritum
989 1676 1128 1760 fugisse:

94 1811 258 1868 mortuum
282 1787 410 1872 erutum
434 1821 523 1870 esses
555 1819 744 1888 cauponem,
771 1819 804 1864 re
826 1801 993 1886 patefacti,
1015 1823 1128 1886 poenas

95 1921 234 1996 dedisse.

137 2045 244 2118 venie
264 2065 352 2112 nuuc
374 2043 413 2112 ad
429 2043 448 2082 ⁴⁶
463 2055 566 2110 tuum.
609 2042 727 2114 Audivi
747 2043 894 2130 equidem
918 2067 958 2112 ex
980 2055 1013 2112 te
1035 2047 1127 2134 ipse,

97 2169 152 2238 scd
161 2167 242 2234 milri
251 2167 369 2253 saepius
380 2165 581 2246 †Sallustius
593 2177 700 2250 noster
711 2167 864 2236 sanavit:
879 2171 952 2240 eum
964 2169 997 2246 in
1010 2168 1064 2236 illa
1075 2171 1128 2238 lu·

95 2291 147 2380 gt,
175 2284 267 2351 nobis
292 2280 442 2370 glariosl,
470 2283 580 2370 patriae
603 2285 796 2366 calamitosa,
825 2283 858 2350 in
887 2283 963 2356 sillt
992 2287 1127 2371 quadani

99 2408 202 2502 campi
216 2405 356 2475 Atinatis
381 2427 537 2488 maneres,
559 2427 768 2494 magnamque
791 2419 913 2492 partem
929 2409 1030 2474 noetis
1045 2409 1127 2496 vigi<

97 2531 369 2614 llsses,adlueem
378 2531 514 2618 denique
522 2536 606 2596 arcte
618 2542 649 2596 et
658 2529 793 2616 graviter
804 2530 970 2596 dormitare
979 2531 1127 2617 coepissc.

98 2657 222 2742 ltaque,
243 2674 425 2746 quanquam
451 2655 511 2719 iter
533 2653 676 2734 instaret,
700 2664 731 2718 te
753 2663 859 2718 tamen
880 2651 1044 2716 silentium
1062 2654 1129 2720 lieri

94 2777 237 2868 jussisse,
250 2796 352 2860 neque
368 2796 435 2840 esse
451 2795 579 2860 passum
595 2782 626 2838 tc
640 2772 768 2838 excitari
783 2798 790 2836 e
807 2775 879 2836 edm
893 2783 1000 2838 eutem
1015 2796 1127 2861 esper-

98 2909 201 2969 reetus
216 2895 394 2966 esseslrorl
408 2893 637 2974 secundusne,
655 2905 686 2958 te
702 2893 762 2958 sibi
777 2894 936 2960 somnium
949 2896 1129 2967 uarmaisse.

99 3019 209 3086 Visum
226 3017 375 3098 delesse,
389 3021 462 3080 cum
474 3017 509 3080 in
524 3016 601 3081 loeis
616 3017 692 3080 solis
709 3027 843 3084 moestus
858 3039 984 3098 ermes,
997 3017 1036 3084 C.
1052 3020 1127 3088 Mu-

97 3143 178 3216 τίσω
190 3160 264 3212 cum
277 3139 413 3215 fascibus
422 3139 569 3206 laureatis
578 3161 716 3224 quaerere
727 3161 767 3202 ex
778 3149 821 3220 te,
830 3139 907 3226 quid
918 3141 1017 3208 tristis
1025 3149 1127 3209 esses?

100 3269 235 3354 amque
247 3273 282 3328 tu
296 3274 327 3328 te
338 3269 394 3330 tud
406 3261 506 3348 patrii
518 3263 549 3326 si
559 3266 687 3348 pulsum
699 3285 766 3328 esse
778 3263 921 3346 dixisses,
929 3265 1132 3352 prehendisse

97 3411 169 3458 eum
183 3389 329 3454 dextram
341 3397 440 3466 tuam,
456 3397 488 3450 ct
502 3387 589 3450 bono
603 3387 709 3452 auimo
724 3398 755 3451 te
766 3384 899 3474 jussisse
914 3409 994 3468 esse,
1006 3389 1128 3456 lictori-

100 3533 159 3601 que
169 3511 316 3606 prosimu
331 3508 508 3594 tradidisse,
524 3520 559 3574 ut
573 3519 604 3574 te
618 3509 652 3572 in
668 3520 910 3576 monumentum
923 3533 1018 3582 suum
1030 3511 1130 3586 dedu.

99 3641 196 3710 ceret;
221 3637 254 3692 et
269 3627 399 3706 dixisse,
415 3625 449 3691 in
464 3649 502 3708 eo
518 3625 580 3717 tibi¹
592 3629 726 3690 sulutem
742 3627 821 3690 fore.
865 3627 951 3692 Tum
972 3639 1004 3692 et
1024 3653 1057 3694 se
1071 3649 1128 3696 exe

98 3753 246 3818 claruisse
261 3749 432 3814 Sallustius
449 3757 563 3828 nanat,
585 3745 720 3812 reditum
744 3745 801 3812 tibi
816 3747 950 3816 celerem
965 3759 998 3818 et
1011 3750 1129 3834 glorio„

192 3897 358 3982 &Quintae
372 3895 472 3956 Cicero
486 3895 530 3955 M.
544 3895 670 3958 Tullium
676 3898 803 3978 fratrem
817 3897 862 3956 lie
875 3891 1038 3976 alloquitur.

197 3992 437 4091 caesenam
451 4011 575 4070 literne.
