2724 4494
494 201 671 270 TACITO.
1040 209 1103 270 sm

60 377 180 442 fovere
194 373 407 455 deiicientem,
421 374 527 440 satiari
543 378 646 456 vultu,
665 365 845 462 complexu,
867 397 932 440 non
955 375 1102 464 contigit.
1230 394 1233 406 ·

61 499 320 586 &cepissemus
332 501 415 564 certe
428 495 575 562 mandata
586 518 753 584 vocesque,
765 519 843 598 quas
855 498 982 584 penitus
994 501 1102 568 animo

63 623 255 710 figere-us.
292 619 412 688 Noster
426 619 479 686 hic
493 619 595 702 dolor,
611 631 754 686 nostrum
770 622 885 686 vulnus
898 645 907 685 r
930 621 1023 688 nobis
1037 633 1103 688 turn

63 749 182 832 longa
195 743 349 812 absentius
363 743 544 810 conditione
556 753 630 810 onte
649 743 891 830 quadriennium
907 743 1042 810 amissus
1056 767 1102 808 es.

66 868 196 934 Omnia
209 867 282 934 sine
295 865 404 948 dubio,
419 865 538 954 optime
552 875 733 954 pareutum,
748 865 904 932 assidente
923 867 1103 934 amantissi-

67 993 128 1058 ωδ
142 1011 252 1074 uxore,
265 989 450 1078 superfuere
463 989 577 1056 honori
598 1001 679 1056 tuor
701 989 904 1076 paucioribus
928 1001 1036 1056 tamen
1057 993 1104 1055 la·

69 1111 193 1201 erymis
217 1111 415 1200 compositus
437 1133 483 1194 es,
506 1123 540 1180 et
554 1109 727 1178 novissimi
745 1111 779 1178 in
800 1113 873 1178 luce
891 1112 1105 1180 desideravere

71 1233 198 1320 aliquid
210 1234 295 1300 oculi
310 1233 369 1302 tui.

119 1357 157 1422 Si
168 1356 241 1444 quis
251 1356 376 1450 piorum
388 1355 535 1423 manibus
545 1355 659 1438 locus3
675 1355 715 1434 si,
729 1365 766 1422 ut
776 1355 972 1444 sapientibus
986 1359 1103 1444 piacet,

75 1503 144 1546 nou
168 1489 243 1544 c'urn
258 1499 388 1566 corpore
408 1477 658 1566 exstinguuntur
671 1497 798 1562 magnae
813 1475 927 1542 animae
940 1502 951 1558 ς
980 1479 1102 1566 placide

73 1601 233 1690 quiesces,
247 1621 382 1688 nosque,
403 1601 534 1668 domum
557 1611 657 1682 tuam,
680 1602 720 1666 ab
741 1599 869 1666 infirmo
883 1600 1048 1681 desiderio,
1071 1613 1104 1666 et

74 1723 284 1792 muliebribus
293 1723 445 1792 intuentia
455 1721 495 1790 ad
504 1723 802 1812 contemplationem
816 1723 969 1788 virtutum
979 1736 1104 1790 tuarum

75 1865 382 1934 voces,quarneque
393 1841 508 1932 lugeri,
519 1867 623 1934 neque
634 1847 743 1936 plangi
754 1847 802 1912 irs
814 1857 882 1912 est:
899 1847 1104 1914 admiratione

76 1979 109 2035 te
119 1969 227 2058 potibs
237 1973 334 2056 quior
345 1969 572 2058 temporalibus
582 1969 743 2050 leudibus,
751 1981 784 2036 et
794 1971 821 2036 si
835 1981 946 2036 natura
955 1969 1106 2056 suppedi-

76 2103 136 2175 tet,
150 2091 327 2160 imitatione
340 2093 539 2162 decoremus.
573 2091 606 2160 is
619 2115 712 2160 verus
727 2092 844 2174 bonos,
857 2115 895 2159 ea
906 2090 1105 2179 conjunctis·

78 2211 152 2280 simi
166 2210 322 2302 cujusque
334 2213 447 2302 pietas.
490 2213 528 2280 ld
542 2213 620 2282 titia
632 2234 760 2302 quoque
774 2213 930 2301 uxorique
944 2234 1105 2300 praecepe-

81 2338 154 2420 rim,
162 2335 208 2404 sic
219 2337 329 2424 putris,
340 2337 387 2404 sie
396 2335 500 2406 mariti
511 2337 693 2404 memoriam
706 2337 858 2418 venerari,
870 2349 908 2402 ut
921 2337 1028 2402 omnia
1040 2339 1106 2402 foc-

79 2459 272 2544 tadictoque
295 2456 365 2546 ejus
389 2479 500 2526 seeum
513 2461 687 2540 revolvant,
711 2461 889 2544 famemque
911 2481 948 2524 ac
971 2457 1104 2544 liguram

81 2577 179 2644 enimi
193 2573 296 2664 magle
310 2581 408 2666 quim
419 2578 558 2666 corporis
570 2581 835 2666 complectantur.
879 2579 956 2644 Non
971 2581 1045 2664 quin
1057 2581 1108 2644 in·

81 2701 306 2768 tercedendum
316 2711 430 2790 putem
441 2699 726 2788 imaginibus,quus
737 2721 890 2766 marmore
902 2714 958 2766 out
971 2723 1032 2768 rere
1045 2701 1107 2766 iin-

83 2837 204 2912 guntur
212 2849 223 2906 3
246 2825 302 2892 sed
316 2833 354 2892 ut
367 2825 475 2892 vultus
488 2823 670 2907 bominum,
685 2825 730 2890 ita
745 2823 912 2892 simulacra
926 2825 1032 2890 vultus
1047 2825 1109 2890 im·
1158 2901 1159 2904 Ἴ

83 2953 198 3020 becilla
208 2974 245 3018 ec
257 2951 499 3030 mortaliasuut,
509 2949 736 3018 formamentis
749 2963 888 3018 eterna:
911 2975 1006 3040 quom
1018 2965 1109 3022 tene-

85 3097 119 3140 re
134 3085 166 3138 et
177 3072 352 3161 exprimere
367 3093 433 3141 uon
447 3094 504 3160 per
518 3073 654 3140 alienam
676 3073 841 3140 materiam
862 3086 895 3141 et
917 3085 1029 3158 ortem,
1055 3077 1112 3144 sed

86 3197 149 3263 tuis
164 3195 230 3284 ipse
244 3196 386 3262 moribus
398 3195 513 3284 possis.
529 3195 694 3284 Quidquid
708 3219 749 3262 ex
764 3197 913 3284 Agricola
927 3200 1112 3279 amavimus,

90 3313 240 3405 quidquid
254 3315 358 3382 minti
374 3337 498 3396 sumus,
513 3331 626 3384 menet
637 3341 647 3398 ς
657 3363 662 3374 -
674 3337 923 3407 mansurumque
934 3329 983 3384 est
995 3319 1027 3383 in
1042 3322 1110 3384 ani-

88 3439 148 3506 mis
160 3439 338 3522 hominum,
349 3439 383 3504 iu
395 3439 573 3507 eternitate
586 3451 777 3528 temporum,
790 3441 875 3508 tama
886 3463 1002 3507 rerum.
1027 3443 1114 3508 Nam

88 3565 203 3628 multos
218 3569 359 3630 veterum
375 3561 460 3628 velut
473 3559 626 3648 inglorios
637 3572 670 3627 et
681 3561 839 3646 ignobiles
851 3562 968 3628 oblivio
984 3565 1110 3642 obruet,

89 3684 244 3772 Agricola,
259 3685 436 3772 posteritati
451 3695 594 3754 nanetus
609 3697 642 3750 et
657 3685 802 3766 traditus,
818 3699 976 3772 superstes
990 3689 1059 3754 erit.
