2726 4484
267 261 325 320 tea
691 254 745 319 Eu
766 253 898 320 LlVlO.

265 447 338 490 vum
353 423 412 492 sibi
428 425 595 509 ingenium
611 425 766 503 induerat,
782 437 818 492 ut
834 427 990 512 plebicola
1001 433 1146 514 repente,
1169 428 1290 496 omnis·
1349 447 1351 478 ³

270 571 331 636 que
347 571 429 614 aurae
455 549 612 634 popularis
628 559 769 634 captator
784 551 938 630 evaderet,
959 572 1018 634 pro
1041 551 1123 616 truci
1148 566 1291 640 stevoqtte

264 671 452 736 insectatore
468 672 578 756 plebis.
620 672 751 736 llecimo
767 673 817 734 die
833 671 887 758 jus
903 675 1021 756 populo
1037 673 1157 758 singuli
1180 675 1289 740 redde-

265 793 353 854 bant.
396 789 446 854 Eo
473 789 522 854 die
548 795 645 878 penes
673 793 858 874 preelectum
884 790 965 876 juris
996 794 1097 856 fasces
1126 794 1289 858 duodecim

263 924 371 978 crant:
396 914 525 996 collegis
543 935 654 976 nouem
670 912 786 996 singuli
802 914 927 976 accensi
952 918 1154 998 apparebant.
1199 915 1243 980 Et
1256 918 1289 980 iu

263 1035 357 1100 unici
381 1037 548 1101 concordii
570 1036 650 1099 inter
666 1035 749 1121 ipsos
768 1035 834 1120 (qui
852 1059 1023 1100 consensus
1040 1037 1169 1122 privatis
1193 1039 1286 1102 inter-

262 1161 336 1224 duun
366 1159 486 1224 inutilis
510 1161 603 1242 esset)
629 1180 753 1224 summa
781 1160 926 1240 adversus
954 1161 1031 1226 alios
1054 1161 1188 1247 inquitas
1211 1172 1283 1226 erat.

595 1475 945 1516 ——ss—

368 1791 496 1854 Arrrus
511 1797 543 1852 et
557 1785 737 1850 limenun.
787 1785 859 1850 Lib.
875 1785 935 1850 lll.
983 1787 1025 1851 U.
1044 1785 1078 1850 C.
1101 1793 1178 1852 305.

267 1953 521 2070 Securius
552 1992 636 2057 anuo
668 1994 701 2056 n.
730 1997 807 2058 urbe
827 1995 925 2074 nefas,
946 1995 985 2058 ab
1013 1993 1145 2058 nuum
1171 2003 1285 2074 ortum,

261 2123 345 2188 haud
370 2123 474 2186 miuus
501 2122 588 2188 foedo
611 2133 736 2202 evento,
758 2125 854 2208 quim
875 2124 960 2206 quod
978 2144 1034 2208 per
1054 2131 1201 2206 stuprum
1223 2143 1283 2186 cae-

261 2246 393 2331 demque
410 2246 564 2310 Lucretiae
581 2248 657 2310 urbe
673 2267 834 2330 regnoque
847 2233 1036 2330 Tarquinios
1053 2248 1216 2330 expulerat
1225 2269 1235 2322 ;
1251 2255 1284 2308 ut

261 2391 325 2434 non
352 2369 421 2432 linis
445 2371 547 2432 solum
563 2367 646 2432 idem
659 2368 868 2448 Decemviris‚
889 2367 943 2454 qui
957 2368 1094 2452 regibus,
1119 2368 1178 2430 scd
1194 2388 1284 2432 causa
1349 2409 1350 2414 κ

260 2493 354 2558 etiam
369 2493 477 2558 eadem
493 2492 615 2578 imperii
633 2491 799 2556 amittendi
814 2503 908 2556 esset.
953 2492 1015 2576 Ap.
1030 2490 1199 2554 Claudium
1218 2491 1282 2554 cir·

258 2613 340 2698 ginis
356 2611 488 2699 plebeiae
509 2614 688 2698 stuprandae
712 2612 810 2676 libido
835 2612 930 2698 cepit.
977 2613 1069 2676 Pater
1093 2611 1223 2696 virginis
1247 2613 1283 2676 1.

258 2737 429 2824 Virginius,
445 2736 464 2774 l‘
480 2737 650 2800 honestum
667 2734 810 2798 ordinem
827 2735 858 2800 in
875 2733 991 2818 Algido
1006 2733 1153 2814 ducebat,
1169 2735 1217 2798 vir
1229 2757 1282 2798 ex-

259 2861 356 2946 empli
371 2857 448 2922 recti
468 2859 553 2921 domi
567 2857 766 2942 militiaeque.
813 2857 944 2926 Perinde
960 2879 1038 2920 uxor
1054 2856 1202 2922 instituta
1217 2859 1285 2922 fue-

260 2994 318 3063 rat,
333 2982 484 3067 liberique
500 2983 754 3048 instituebantur.
792 2985 1013 3071 Desponderat
1029 2985 1125 3052 filiam
1140 2963 1184 3050 1..
1197 2985 1284 3051 Icilio

259 3105 434 3186 tribunitio,
450 3105 514 3168 viro
529 3107 602 3186 ocri,
618 3081 650 3174 et
664 3129 721 3192 pro
737 3110 831 3172 eausll
853 3108 956 3192 plebis
983 3119 1122 3194 expertae
1148 3109 1282 3174 virtutis.
1348 3191 1349 3196 ἵ

259 3229 355 3294 Hane
364 3228 517 3313 virginem
529 3229 678 3310 adultam,
692 3233 794 3294 lormlt
803 3234 1023 3311 excellentem,
1035 3231 1169 3318 Appius,
1181 3253 1284 3296 amore

257 3352 380 3432 ardens,
400 3350 502 3438 pretio
516 3372 552 3414 ac
569 3373 622 3436 spe
637 3351 784 3436 pellicere
809 3353 956 3434 adortus5
984 3363 1156 3438 postquam
1177 3351 1283 3418 omnia

255 3482 373 3565 pudore
393 3491 483 3568 septa
502 3479 771 3562 animadverterat,
804 3483 843 3546 ad
866 3483 1023 3548 crudelem
1052 3485 1282 3566 superbamque

256 3601 320 3668 rim
339 3603 480 3673 animum
502 3604 669 3670 convertit.
706 3606 757 3670 M.
773 3605 906 3670 Claudio
921 3605 1030 3671 clienti
1046 3605 1211 3693 negotium
1227 3605 1283 3670 de-

517 3762 548 3843 .*
566 3761 711 3828 Centurio
724 3765 844 3826 militum
854 3775 990 3860 proecrpt.
