2738 4502
500 236 555 307 Ee
577 235 709 306 lelo.
1052 251 1114 310 ata

80 435 162 502 eam,
181 424 216 478 at
235 411 328 492 volet,
349 410 505 478 resumis
529 413 562 476 in
580 411 738 498 gratiam·
756 411 871 498 poputo
895 411 1048 496 Rouana,
1069 417 1118 480 nei

80 539 181 604 eitum
206 537 305 616 debes,
329 533 404 598 robii
424 531 526 620 ateriae
544 534 736 618 parmae,
754 535 887 620 miraei
907 537 954 601 bie
981 538 1032 600 tibi
1052 539 1116 604 dies·

80 635 161 726 actis
175 659 346 724 dommeati
359 658 485 736 dederit,
498 667 532 720 at
540 656 616 722 bello
629 677 755 752 uapore
762 657 831 742 poti
843 657 979 744 legitimo
990 660 1117 744 imperia

77 785 192 870 porcia
237 781 345 852 Quum
370 801 404 844 se
427 779 507 844 nihil
528 780 643 845 morari
662 780 848 866 magistrum
870 781 1016 870 equitum
1042 805 1116 868 pro-

80 898 281 976 nunciasset,
304 896 486 982 degressum
510 917 585 960 eum
605 897 725 982 templo
747 898 840 966 laetus
854 909 1000 980 'senatus‚
1014 899 1117 966 laetior

80 1021 238 1116 populus,
262 1017 458 1100 circumfusi,
481 1039 518 1082 ac
539 1020 742 1102 gratulantes
758 1020 834 1088 hine
849 1021 1007 1106 magistro.
1023 1021 1114 1110 equi-

81 1155 169 1222 tum,
183 1141 259 1206 hinc
274 1140 433 1226 dictatori,
448 1140 608 1230 prosecuti
623 1152 718 1214 sunt;
745 1142 968 1230 firmatumque
984 1143 1114 1232 inmeri-

81 1285 140 1333 um
156 1263 291 1336 militare
306 1237 396 1329 haud
405 1263 511 1332 minus
522 1263 663 1350 periculo
677 1265 718 1338 Q,
732 1264 834 1346 Fabii,
847 1270 943 1352 quim
959 1267 1115 1360 supplicio

82 1385 260 1464 miserabili
275 1385 483 1468 adolescentis
499 1385 626 1468 Manlii,
641 1384 816 1460 ridebatur.

251 2026 553 2101 CtodreCaomaa.
589 2027 663 2096 lib.
680 2025 739 2098 tx.
767 2027 808 2094 U.
826 2028 861 2097 C.
882 2037 958 2100 tas.
1095 2083 1105 2104 a

87 2196 343 2322 Sarmens
380 2223 601 2329 imperatorem
632 2235 745 2304 Caium
775 2233 926 2308 Pontium
960 2239 1116 2312 Herennil

85 2365 189 2432 filium
203 2363 396 2444 habuerunt,
420 2372 507 2448 patre
531 2365 628 2448 longe
650 2363 897 2450 prudentissimo
913 2377 1034 2453 natum,
1050 2373 1116 2460 pri·

88 2507 180 2559 mum
196 2488 300 2572 ipsum
322 2485 507 2550 bellatorem
537 2485 726 2571 ducemque.
772 2487 814 2565 ls,
830 2485 968 2552 exercitu
993 2489 1119 2574 educto,

87 2610 173 2676 circa
194 2607 348 2672 Caudium
372 2617 484 2686 castra
510 2611 607 2695 quim
630 2617 735 2701 potest
759 2603 985 2690 occultissimi,
1010 2613 1115 2678 locat:

88 2727 388 2808 intemeratarum,
401 2727 457 2792 ubi
467 2727 535 2814 jam
545 2729 692 2792 consules
705 2726 865 2792 Romanos
878 2739 1040 2816 castraque
1049 2752 1117 2798 esse

88 2851 247 2934 audiebat,
260 2849 377 2918 milites
394 2849 504 2916 decem
515 2861 679 2936 pastorum
693 2849 804 2914 habitu
819 2849 929 2932 mittit,
943 2871 1117 2939 pecoraque

89 2975 241 3056 diversos,
254 2975 351 3040 alium
364 2974 452 3054 alibi,
466 2973 551 3038 baud
571 2975 684 3058 procul
700 2971 852 3038 Romanis
875 2995 1002 3060 pascere
1024 2974 1117 3062 jubet

88 3097 266 3184 praesidiis:
297 3096 353 3162 ubi
368 3095 534 3168 inciderint
549 3096 581 3160 in
596 3095 797 3182 praedatores,
814 3107 849 3162 ut
870 3097 955 3161 idem
969 3099 1117 3166 omnibus

93 3243 198 3290 sermo
213 3231 349 3301 constet,
366 3219 507 3304 legiones
530 3219 723 3284 Samnitium
739 3219 772 3284 in
788 3215 906 3306 Apulia
919 3244 998 3302 esse,
1013 3223 1118 3288 Luce-

91 3345 170 3411 riam
193 3344 341 3414 omnibus
368 3343 467 3430 copiis
495 3341 747 3423 circumsedere3
780 3365 839 3408 nee
864 3346 975 3429 procul
998 3347 1117 3426 abesse,

91 3469 168 3554 quin
184 3469 214 3532 vi
231 3467 367 3554 capiant.
411 3467 486 3533 Jam
510 3465 535 3530 is
556 3464 651 3530 etiam
676 3487 785 3530 rumor
807 3471 880 3530 ante
903 3465 943 3532 dc
965 3465 1119 3534 industria

90 3593 238 3676 vulgatus
253 3602 378 3655 venerat
396 3589 435 3653 ad
454 3587 636 3657 Romanos:
666 3589 721 3652 scd
736 3587 831 3653 fldem
846 3609 960 3654 auxere
983 3592 1095 3678 captivi
1110 3619 1117 3672 3

91 3731 130 3776 eo
145 3710 294 3790 maxime,
310 3711 395 3796 qubd
412 3731 515 3774 sermo
529 3709 611 3774 inter
626 3731 735 3774 omnes
750 3714 958 3795 congruebat.

137 3831 235 3897 Haud
260 3841 327 3896 erat
353 3830 499 3912 dubium,
531 3829 609 3916 quin
641 3831 808 3896 Lucerinis
837 3853 931 3917 opem
956 3833 1120 3906 Romanus

94 3953 199 4036 terret,
222 3953 314 4028 bonis
337 3975 373 4018 ae
394 3953 541 4027 fidelibus
567 3953 661 4018 sociis
674 3978 684 4035 3
713 3954 807 4027 simul
829 3977 869 4020 ne
883 3955 999 4042 Apulia
1009 3959 1116 4024 omaus
