2756 4484
457 193 509 258 m
532 189 769 278 ercnnoun.
1060 199 1122 258 ms

89 366 168 432 milri
194 363 232 432 ad
255 365 337 430 hane
352 363 574 450 provincialem
591 365 767 430 molestiam
784 362 934 448 temporis
950 365 1120 449 prorogari.

83 492 227 555 Praesens
243 498 350 552 tecum
365 487 429 572 egi,
444 489 517 550 eum
533 497 564 550 te
579 486 742 550 tribunum
758 484 858 570 plebis
873 469 936 549 isto
951 461 1039 550 auno*
1049 491 1116 551 lore

81 633 149 676 nou
162 621 307 698 putarem
322 634 330 670 s
355 609 494 694 itemque
509 608 606 694 petivi
621 607 737 692 soepihs
753 629 808 693 per
821 607 926 671 literas
941 631 949 671 ε
974 609 1028 671 sed
1049 620 1117 672 tum

81 733 173 820 qussi
190 736 366 798 tsenatore
380 731 588 812 nobilissimo,
613 743 682 796 tum
706 732 906 796 adolescente
931 725 1120 815 gratiosississ

76 877 155 936 m03
179 877 266 920 nnuc
280 860 300 920 h
315 856 444 920 tribuno
458 855 572 941 plebis,
587 867 618 918 et
633 859 652 920 i
668 855 805 919 Curione
821 855 947 918 tribuno
962 879 969 918 :
999 877 1062 918 non
1080 865 1116 918 ut

74 981 265 1044 decernatur
280 977 398 1062 aliquid
421 979 506 1058 novi,
523 977 610 1063 quod
625 979 704 1041 solet
719 997 787 1040 esse
803 977 981 1057 difficilius3
1005 977 1059 1040 sed
1079 989 1116 1040 ut

79 1123 124 1167 ne
138 1101 216 1187 quid
231 1099 305 1166 novi
319 1101 525 1179 decernetur3
549 1113 580 1164 et
596 1109 632 1164 ut
648 1101 958 1164 senatusconsultum
982 1111 1013 1164 ct
1031 1089 1117 1183 leg'es

80 1223 254 1290 defendas:
278 1243 375 1308 esque
388 1222 467 1286 mihi
482 1221 622 1284 conditio
635 1232 770 1300 manent,
783 1227 845 1305 quh
860 1225 1019 1306 profectus
1037 1247 1117 1286 suut.

80 1348 160 1414 Hoc
174 1357 206 1410 se
221 1347 425 1410 vehementer
439 1345 534 1408 etiam
550 1355 643 1430 atque
659 1343 752 1408 eliam
769 1365 856 1428 rogo.
894 1343 982 1410 Vale.

516 1589 688 1652 ..4-

187 1849 445 1914 Aeenusuruu
467 1845 581 1913 Eersr.
596 1847 686 1914 VIII.
709 1849 780 1914 Lib.
797 1849 839 1915 II.
855 1849 894 1914 ad
909 1849 1014 1917 FAM.

82 2027 209 2094 Leniter
226 2028 352 2094 leium
367 2028 522 2118 objurgat,
536 2034 587 2118 qui
602 2037 849 2101 commentorium
871 2035 1000 2104 misisset
1021 2035 1116 2118 reser-

129 2163 192 2216 tum
208 2152 364 2218 leuissimis
377 2157 476 2220 rebus.
526 2155 605 2220 Tum
628 2157 768 2224 hortatur
782 2161 825 2226 ad
839 2161 1004 2226 amicitiam
1020 2162 1116 2226 Pom-

127 2275 201 2358 peii,
216 2288 387 2362 emergente
400 2275 474 2362 jum
488 2277 559 2342 belli
579 2281 673 2344 ciuilis
687 2281 785 2346 initio.
828 2284 927 2347 Addit
952 2286 990 2348 de
1011 2306 1065 2352 suo
1085 2287 1117 2348 iu

122 2399 311 2484 prouinciam
332 2398 449 2463 itinere.
494 2398 534 2462 Iu
554 2411 700 2480 extruso,
723 2423 761 2465 ue
781 2403 838 2466 sihi
856 2405 1018 2484 provincio·
1040 2416 1114 2468 tem·

120 2541 182 2608 pus
193 2529 388 2604 prorogetur.

227 2711 276 2777 M.
287 2711 329 2778 T.
343 2711 380 2778 C.
402 2711 618 2796 Paocousnt,
640 2713 689 2780 M.
706 2715 855 2780 COELIO
880 2716 914 2783 S.
930 2719 975 2809 I).

82 2839 257 2982 QUID?
289 2907 325 2964 tu
351 2919 402 2962 me
425 2898 486 2964 hoc
509 2898 569 2964 tibi
590 2901 755 2966 mandhsse
778 2901 949 2984 susumus,
972 2915 1008 2970 ut
1035 2907 1113 2972 mitti
1217 2971 1221 2980 ,

82 3007 294 3094 gladiatorum
310 3009 569 3094 compositiones,
583 3021 620 3074 ut
634 3013 814 3078 vadimonia
828 3015 934 3097 dilata,
949 3027 980 3081 ct
991 3017 1116 3083 Chresti

79 3129 340 3216 compilationem
367 3131 576 3211 mitteres,.et
602 3153 648 3212 ea,
678 3156 749 3218 quse
778 3137 880 3218 nobis,
903 3141 976 3202 cum
1001 3139 1113 3207 Romae

82 3273 204 3332 sumus,
226 3273 349 3317 narrare
366 3275 459 3316 nemo
475 3253 610 3318 audeat?
634 3253 714 3318 Vide
734 3267 886 3341 quantum
904 3261 960 3324 tibi
977 3283 1049 3326 meo
1058 3262 1116 3349 ju·

82 3371 169 3440 dicIo
183 3371 331 3454 tribuam,
342 3395 400 3438 nec
417 3375 596 3438 mehercule
608 3373 740 3461 injurit3
754 3377 970 3466 πολιτικώτερον
984 3383 1069 3446 enim
1084 3395 1116 3450 te

82 3497 187 3562 adhuc
202 3495 363 3560 neminem
379 3497 526 3582 cognovi.
570 3497 621 3561 Ne
645 3497 699 3562 illu
714 3499 838 3585 quidem
855 3525 929 3566 curo
945 3505 1022 3568 mihi
1038 3509 1116 3584 scri-

82 3621 150 3697 bas,
171 3637 243 3702 quie
259 3615 403 3680 maximis
431 3617 464 3680 in
484 3619 577 3680 rebus
592 3617 775 3704 reipublice.
788 3631 941 3704 geruntur
964 3627 1115 3709 quotidie,

85 3739 146 3806 nisi
173 3739 248 3824 quid
272 3739 311 3804 sd
326 3761 376 3803 me
402 3739 505 3826 ipsum
529 3739 709 3826 pertinebit.
754 3742 899 3808 Scribent
926 3746 999 3812 ulii:
1025 3751 1117 3813 multi

85 3862 291 3934 nuntiabunt.
336 3863 475 3929 Perferet
505 3866 605 3928 multa
631 3863 724 3930 etiam
752 3865 818 3952 ipse
849 3890 967 3936 rumor.
1012 3873 1116 3942 Quare

558 3985 656 4056 zze
