2750 4510
476 267 717 342 CICERONE.
1066 283 1126 346 109

284 807 459 886 Pnomu.
479 809 563 886 Lib.
582 811 636 884 11.
664 811 710 886 de
738 813 931 886 Leomus.

546 989 672 1056 Atticae.

83 1121 204 1241 SED
219 1164 320 1246 visne,
336 1166 487 1252 quoniam
515 1175 549 1230 et
574 1164 649 1230 satis
668 1162 736 1250 jam
760 1142 997 1236 deambulatum
1013 1179 1074 1250 eet,
1088 1181 1122 1240 et

88 1288 149 1360 tibi
174 1287 260 1352 aliud
286 1287 416 1356 dicendi
437 1289 567 1356 initium
590 1291 780 1356 sumendum
806 1303 864 1372 est,
888 1295 994 1358 locum
1020 1309 1125 1360 mute-

90 1434 176 1494 mur,
192 1422 225 1478 et
240 1413 275 1476 in
290 1411 406 1494 insule,
422 1435 494 1500 quae
513 1424 568 1478 est
589 1415 624 1478 in
650 1414 785 1478 Fibreno
804 1419 890 1497 (rrum
905 1416 937 1478 id
952 1417 1064 1502 opinor
1079 1419 1127 1488 illi

87 1536 179 1606 alteri
193 1535 318 1602 flumini
334 1559 452 1602 nomen
476 1537 558 1619 ease)
576 1536 713 1602 sermoni
728 1538 849 1622 reliquo
871 1538 982 1604 demus
997 1561 1125 1624 operum

89 1659 262 1730 cedentes?
289 1660 379 1728 Mor.
402 1661 486 1726 Sane
510 1659 651 1748 quidem.
696 1661 780 1730 Nam
795 1661 852 1724 illo
867 1661 938 1726 loco
953 1634 1142 1728 Ιίὴεηῑίεεά-ι

95 1789 148 1853 me
164 1784 254 1848 soieo
269 1784 329 1866 uti,
345 1783 411 1852 sive
434 1783 511 1871 quid
534 1805 660 1850 mecum
686 1783 754 1870 ipse
778 1785 896 1870 cogito,
920 1785 985 1852 aive
1009 1785 1129 1874 aliquid

89 1907 210 1990 acribo,
225 1917 282 1974 aut
296 1909 381 1994 lego.

132 2035 203 2102 Au.
223 2031 394 2118 Equidem,
408 2031 465 2122 qui
489 2054 575 2098 nunc
601 2019 738 2120 primum
763 2035 826 2100 huc
851 2035 1002 2116 venerim,
1023 2035 1129 2106 retiari

90 2181 158 2226 non
173 2177 277 2243 queo:
303 2157 548 2244 magnificasque
572 2157 673 2239 villae,
688 2170 720 2224 ct
743 2159 925 2246 pavimenta
944 2181 1129 2244 marmoreo,

91 2293 126 2354 et
139 2285 287 2369 laqueata
301 2293 386 2348 tecta
399 2293 582 2350 contemno.
627 2285 755 2350 Ductus
779 2287 853 2350 reru
869 2307 1033 2370 aquarum,
1050 2307 1130 2372 quoe

93 2404 148 2472 irti
162 2403 256 2470 Nilos
269 2413 302 2468 et
314 2402 452 2490 Euripos
464 2415 591 2485 vocant,
606 2405 676 2490 quis
694 2429 773 2486 non,
785 2409 860 2474 eum
871 2407 942 2472 haee
954 2407 1068 2488 videat,
1085 2406 1130 2472 ir·

90 2527 196 2596 riserit
204 2529 220 2598 'i
245 2526 370 2614 ltaque,
384 2536 419 2592 ut
434 2537 470 2594 tu
481 2529 588 2615 paullo
600 2535 686 2609 ante,
698 2529 737 2594 de
750 2532 820 2613 lege
836 2539 868 2594 et
879 2527 951 2614 jure
961 2529 1129 2610 disserena,

92 2647 133 2716 ad
147 2658 292 2714 naturam
314 2651 470 2714 referebas
494 2649 620 2728 omnie;
645 2649 690 2714 sic
713 2651 747 2714 in
771 2651 819 2716 hie
843 2651 920 2735 ipsis
935 2655 1041 2733 rebus,
1056 2671 1129 2738 quur

92 2769 296 2856 requietem
327 2768 424 2836 animi
456 2768 762 2854 delectationemque
796 2779 996 2856 quaeruntur,
1019 2783 1130 2842 natura

94 2894 288 2962 dominatur.
333 2895 439 2966 Quare
454 2903 549 2962 antea
562 2893 707 2974 mirabar,
726 2895 818 2978 (nihii
834 2894 919 2960 enim
936 2893 984 2960 iris
1001 2895 1034 2962 in
1050 2895 1129 2966 locis

96 3015 158 3086 nisi
169 3037 245 3082 saxa
256 3029 290 3082 et
302 3027 427 3113 montes
441 3015 641 3102 cogitabam:
665 3015 760 3102 idque
773 3026 810 3082 nt
823 3017 970 3099 facerem,
986 3027 1018 3084 et
1033 3017 1129 3084 orati·

98 3139 216 3208 onibus
231 3141 405 3208 inducebar
419 3140 495 3220 tuis,
507 3152 539 3206 et
552 3139 693 3214 versibus
705 3141 727 3222 ι)
741 3139 796 3206 sed
807 3141 953 3223 mirabar,
965 3151 1003 3208 ut
1013 3141 1089 3222 dixi,
1103 3154 1134 3208 te

97 3273 163 3328 tam
178 3263 269 3328 valde
288 3264 348 3328 hoc
364 3265 436 3332 loeo
450 3263 612 3330 delectari.
635 3263 734 3328 Nunc
749 3267 861 3334 contri
876 3265 982 3348 miror,
998 3277 1041 3346 te,
1057 3269 1132 3332 cirm

96 3385 200 3452 Romi
214 3385 460 3475 absis‚'usquam
476 3387 583 3474 potins
598 3408 680 3454 erse.
805 3417 809 3430 ·

139 3509 230 3578 Mar.
254 3511 329 3596 Ego
341 3513 426 3591 vero,
442 3514 515 3578 cim
532 3511 604 3577 licet
619 3515 726 3597 plures
740 3511 807 3580 dies
822 3515 944 3594 obesse,
957 3513 1133 3600 presertim
1243 3557 1248 3566 ·

97 3633 159 3702 hoc
184 3639 327 3721 tempore
348 3637 436 3718 anni,
453 3645 485 3702 et
510 3635 730 3702 amoenitatem
756 3647 788 3702 et
811 3636 1028 3705 salubritatem
1052 3627 1134 3706 hanc

99 3775 233 3848 sequen
257 3761 326 3824 raro
340 3769 449 3826 autem
473 3759 559 3826 licet.
605 3761 669 3824 Sed
693 3761 843 3828 nimirum
868 3783 920 3827 me
934 3763 995 3828 alio
1009 3784 1137 3858 quoque

100 3901 195 3960 cama
205 3881 357 3968 delectet,
367 3905 442 3976 que
457 3892 489 3952 te
503 3905 570 3951 noo
585 3881 782 3970 attingitur„
825 3887 895 3954 Art.
910 3887 992 3958 Quae
1008 3889 1134 3955 tandem
