2804 4524
616 267 671 336 Ea
691 263 742 340 ll.
761 261 929 336 TULHO

453 613 511 688 Ex
540 609 621 686 le.
638 609 687 682 V.
712 609 893 736 lassent.
922 609 1089 690 Quaen.

546 813 600 880 De
620 813 772 904 Diorayab
794 816 1001 902 Symeamm.

260 965 788 1090 DUODEQUADRAGINTA
801 1029 900 1074 annos
916 1018 1066 1099 tyrannus
1080 1007 1301 1094 Syracusano-

1386 1019 1387 1064 i

255 1153 326 1202 rum
341 1129 400 1194 tuit
417 1125 603 1212 Dionysius,
619 1130 693 1194 edm
708 1150 738 1190 v
755 1135 787 1191 et
801 1149 855 1191 xx.
873 1137 965 1194 natus
980 1149 1081 1191 annos
1097 1127 1300 1198 dominatum

1386 1969 1387 2010 l

255 1259 452 1340 occupisset.
496 1252 569 1326 Qua
583 1249 820 1338 pulchritudine
833 1254 955 1332 urbcrn‚
969 1255 1085 1338 quibus
1101 1263 1206 1318 autern
1223 1255 1300 1344 opi·

257 1357 317 1444 bus
329 1374 505 1468 praeditam,
519 1371 668 1438 servitute
681 1394 862 1462 oppressam
876 1372 979 1438 tenuit
992 1373 1086 1437 civita
1087 1377 1170 1438 tcrn?
1196 1375 1301 1462 Atqui

253 1509 293 1576 de
309 1509 370 1588 hee
384 1505 513 1588 homine
528 1509 548 1571 b
565 1505 654 1610 bonis
667 1505 890 1573 auctoribus·
867 1529 912 1570 src
928 1507 1080 1590 scripturn
1094 1529 1162 1570 acc
1151 1507 1296 1596 ipimus,

256 1653 414 1700 summam
429 1631 525 1696 fuisse
549 1629 618 1718 ejus
593 1579 675 1694 in
698 1629 785 1694 victu
810 1630 1059 1716 temperantiam,
1088 1630 1119 1693 in
1137 1633 1298 1718 rebusque

257 1755 404 1844 gerendis
419 1755 521 1821 virum
543 1773 648 1856 aerem
674 1761 705 1814 et
729 1750 932 1819 industrium
976 1753 1026 1818 Ex
1052 1775 1115 1838 quo
1139 1754 1302 1836 omnibus,

259 1881 341 1946 bene
353 1877 514 1943 veritatem
531 1829 743 1955 intuentibus,
756 1875 855 1940 videri
868 1897 997 1944 necesse
1011 1888 1060 1942 est
1073 1877 1303 1960 miserrimum,
1386 1965 1387 1968 Ἴ

259 2032 296 2074 ea
310 2009 395 2073 enim
411 2007 498 2094 ipsa,
505 2029 576 2094 qnae
589 2009 804 2096 concupierat,
820 2032 860 2075 ne
873 2020 942 2078 tum
954 2009 1095 2100 quidem,
1107 2013 1180 2077 cum
1195 2013 1306 2080 omnia

231 2153 297 2200 .·sc
314 2149 408 2219 posse
424 2131 584 2211 censebat,
600 2133 863 2220 consequebatur.

185 2329 191 2342 ¹
302 2253 381 2339 Qui,
395 2257 468 2335 eim
483 2265 565 2320 essct
579 2255 671 2320 bonis
687 2255 881 2344 parentibus,
894 2265 990 2350 atque
1005 2256 1144 2324 honesto
1160 2257 1232 2324 loco
1245 2278 1304 2324 na-

258 2389 310 2446 tus
329 2377 449 2472 (etsiid
461 2377 589 2464 quidem
605 2379 684 2446 alius
698 2379 762 2446 alio
776 2379 872 2444 modo
887 2379 994 2462 tradit)
1014 2381 1257 2468 abundaretque
1270 2391 1304 2448 et
1386 2441 1387 2468 ,

246 2503 433 2594 ¹aequalium
453 2502 734 2586 familiaritatibus,
745 2513 783 2590 ¹et
797 2505 1031 2576 consuetudine
1044 2505 1307 2594 propinquorum,

262 2627 410 2698 credebat
430 2647 541 2694 eurum
566 2627 705 2692 nemini:
723 2623 785 2693 sed
799 2625 850 2710 lis,
866 2649 946 2714 quos
961 2651 1000 2694 err
1016 2627 1144 2712 familiis
1160 2630 1304 2715 locupie—

258 2759 328 2818 tum
343 2771 449 2816 seruos
464 2748 638 2840 delegerat,
651 2729 769 2838 qrribus
784 2771 903 2820 nornen
918 2749 1079 2828 seruitutis
1094 2751 1162 2836 ipse
1177 2749 1303 2818 deum-

261 2885 340 2952 erat,
355 2885 387 2937 et
402 2874 593 2962 quibusdam
610 2873 774 2956 convenis,
785 2885 818 2940 ct
831 2873 905 2940 ieris
921 2874 1058 2947 barbaris
1074 2875 1222 2964 corporis
1228 2897 1303 2940 cus·
1368 2881 1374 2896 ‘

264 2993 384 3057 todiam
401 2996 631 3061 committebat.
676 2995 725 3062 Ita
738 3006 869 3082 propter
884 2995 1036 3082 injustam
1052 2997 1234 3063 dominatus
1250 3021 1308 3062 cu·
1386 2963 1387 3060 i

193 3117 199 3133 ⁸
258 3115 457 3202 piditatem'
448 3139 481 3180 ιιι
513 3138 668 3182 carcerem
700 3117 975 3206 quodammodo'
965 3141 1032 3204 rpse
1062 3141 1096 3184 se
1119 3119 1302 3188 incluserat.
1386 3061 1387 3152 i

260 3237 456 3318 Quinetiam,
479 3261 519 3306 ne
542 3239 663 3306 tonsori
685 3241 805 3306 collum
828 3241 1050 3324 committeret,
1073 3245 1204 3310 tondere
1227 3244 1307 3311 filias

259 3385 331 3430 suas
354 3361 473 3428 docuit.
517 3361 567 3426 Ita
589 3363 714 3428 sordido
741 3363 945 3452 ancillarique
968 3365 1103 3430 artificio
1123 3367 1218 3452 regiae
1241 3367 1306 3433 vir·

260 3485 363 3572 gines,
386 3497 423 3552 nt
447 3485 657 3569 tonstriculae,
676 3487 852 3552 tondebant
872 3491 1002 3554 barbam
1021 3501 1053 3556 et
1075 3489 1227 3577 capillum
1247 3513 1307 3578 pa-

261 3609 329 3673 tris.
371 3609 416 3674 Et
431 3619 539 3676 tamen
555 3611 594 3674 ab
616 3609 653 3674 iis
669 3609 757 3698 ipsis,
781 3613 855 3676 cbm
875 3607 943 3698 jam
968 3624 1074 3678 essent
1089 3615 1220 3696 adultae,
1244 3617 1307 3680 fer·

261 3750 332 3794 rum
354 3729 497 3813 removit,
514 3729 728 3819 instituitque,
746 3743 780 3797 ut
804 3733 1012 3799 candentibus
1023 3733 1229 3822 juglandium
1245 3757 1304 3826 pu·
1386 3737 1387 3742 ’

260 3851 431 3926 amitibus
447 3857 576 3922 barbam
592 3855 652 3924 sibi
667 3865 699 3922 et
715 3856 864 3946 capillum
879 3857 1061 3928 adurerent.
