2724 4494
507 247 686 316 Tncrro.
1047 249 1110 326 8¹27

74 430 141 486 tes.
184 421 305 486 Aberat
321 418 441 507 quippe
463 419 615 502 aduletio,
635 419 742 506 gnane
765 421 1040 518 pmnibuelratarn
1054 421 1112 488 'li-

72 539 170 610 beric
189 539 373 612 Germanici
393 549 526 606 monem
548 541 631 608 male
649 538 856 608 dissimulari
893 539 1042 611 Tiberius
1062 553 1112 610 nt·

72 681 141 746 que
155 661 302 746 ungine
312 659 443 747 publico
456 661 648 742 abstinuere,
661 659 794 728 inferius
809 657 973 748 majestate
983 661 1113 730 euirati

73 782 104 848 si
130 785 235 872 pelam
256 787 503 858 lamentarentur
515 807 525 862 ;
556 803 596 848 en
620 805 661 848 ne
684 783 830 849 omniurn
857 783 959 850 omrlis
985 783 1110 850 vultum

74 903 433 986 eolrnnrscrutantibur,
454 905 525 972 nni
541 901 804 991 intelligerentur.
847 903 987 979 Matrem
1007 905 1113 974 Aetn-

75 1027 166 1094 niam
178 1047 247 1092 non
261 1025 347 1114 apud
359 1037 505 1097 nectores
519 1047 636 1108 reruni,
651 1049 717 1098 nun
728 1027 842 1094 diurni
855 1037 998 1100 actorum
1009 1025 1109 1112 scrip-

75 1153 150 1214 turi
164 1147 286 1234 repen'n
299 1148 366 1214 allo
377 1147 790 1234 insigni'oilicio·lunctam;
806 1152 880 1214 cnm
891 1171 985 1234 super
992 1147 1109 1234 Agrip-

75 1273 197 1359 pinam,
225 1281 258 1336 et
287 1271 444 1353 Drusum,
473 1283 507 1338 et
531 1269 712 1352 Claudium,
741 1271 847 1336 ceteri
875 1293 1001 1360 quoque
1030 1291 1109 1338 con·

77 1393 247 1480 sanguinei
266 1394 454 1460 nominatim
473 1393 637 1479 perscripti
656 1391 738 1458 sint:
757 1415 814 1458 seu
834 1393 1013 1460 valetudine
1028 1377 1132 1478 pne-¹

76 1516 273 1604 pediebntnn
296 1537 353 1582 seu
374 1515 476 1582 rictus
497 1517 587 1582 luctu
608 1513 743 1594 animus,
763 1515 1015 1600 magnitudinem
1036 1517 1110 1582 ruali

76 1641 214 1725 perferre
229 1638 299 1704 visu
313 1659 378 1704 nou
399 1636 554 1704 toleravit.
599 1635 734 1702 Facinus
759 1635 955 1716 crediderim,
979 1637 1008 1700 T
1009 1637 1109 1704 iberis

77 1773 111 1828 et
125 1762 282 1846 Augusti,
299 1759 355 1846 qui
369 1759 464 1826 durno
480 1781 545 1826 nnn
560 1758 764 1838 excedebant,
784 1757 978 1828 cohibitum:
1004 1769 1038 1824 nt
1053 1779 1110 1844 par
1125 1803 1136 1832 ‚·

76 1905 209 1966 rnoerur,
224 1894 257 1948 et
271 1884 379 1950 matris
394 1884 553 1970 exemplo,
567 1881 634 1948 avia
647 1903 774 1968 quoque
788 1891 821 1946 et
837 1893 969 1970 patruus
985 1880 1111 1964 attineri

77 2015 270 2082 viderentur.
1095 2079 1100 2088 ,

120 2143 213 2224 Dies,
234 2165 299 2230 qun
312 2141 453 2230 reliquie
469 2143 595 2208 tumulo
611 2139 751 2228 Augusti
769 2142 1108 2226 brecanammere

74 2291 135 2356 per
147 2265 307 2332 silentium
328 2276 447 2345 vastus,
464 2267 559 2330 moun
579 2266 758 2352 ploratibus
778 2266 921 2354 inquiete
944 2271 1124 2356 plenaur·.

75 2393 127 2458 bis
144 2387 268 2470 itinera,
287 2391 492 2454 conlucentes
513 2411 569 2472 per
591 2410 741 2474 campum
762 2389 876 2456 Martis
897 2392 993 2458 faces.
1036 2391 1108 2458 Illic

75 2517 168 2582 miles
184 2535 257 2579 curn
272 2511 378 2590 annis,
392 2511 460 2574 sine
482 2510 663 2594 insignibus
676 2509 891 2596 magistratus,
906 2513 1043 2598 populus
1054 2535 1110 2598 per

73 2641 187 2716 tribus,
198 2633 374 2701 concidisse
387 2631 626 2718 rempublicam,
640 2632 721 2697 nibil
735 2633 802 2718 spei
816 2633 984 2718 reliquum,
994 2637 1105 2700 clami-

73 2761 184 2826 rabant
199 2783 207 2824 ι
231 2753 407 2844 promptibs
421 2753 636 2840 apertiusque,
648 2756 745 2839 qutun
758 2765 796 2818 ut
811 2756 991 2822 meminisse
1005 2757 1112 2844 impe„

74 2881 239 2950 sitentium
262 2879 414 2946 crederes.
458 2875 550 2940 Nibil
573 2887 680 2942 tamen
702 2875 992 2964 'liberiummagis
1008 2901 1106 2966 pene.

72 3006 179 3084 travit,
206 3007 304 3088 quarn
330 2999 434 3068 studia
458 2999 628 3090 bominum
656 3019 788 3066 accensa
814 2999 848 3066 in
875 3004 1106 3092 Agrippinum

73 3133 149 3195 cbnr
165 3126 262 3192 decus
276 3124 396 3210 patriae,
418 3121 525 3202 colum
537 3121 675 3208 Augrnti
689 3123 888 3210 sauguinem,
905 3127 1034 3194 unicum
1048 3151 1107 3198 nn-

74 3247 232 3336 tiquitntis
243 3247 404 3334 specimen
416 3245 624 3331 appellarent,
636 3245 780 3333 versique
791 3249 830 3312 ad
842 3250 961 3316 coelum
975 3251 1108 3334 ardens,

75 3377 230 3460 integram
245 3371 291 3436 illi
304 3369 457 3448 subolem,
474 3387 511 3434 ec
523 3367 912 3460 superstiteminiqpnrum
925 3387 1115 3459 procurent*

72 3520 123 3564 ur.
168 3495 268 3560 Fuere
282 3491 339 3578 qui
351 3491 475 3578 publici
488 3491 609 3557 funeris
628 3511 777 3580 pompam
798 3495 1001 3580 requirerent,
1016 3520 1106 3565 corn·

69 3627 278 3708 pararentque
298 3637 371 3702 quie
390 3613 425 3680 iu
443 3613 587 3680 Drusum
602 3627 723 3702 patrem
738 3616 919 3686 Germanici
937 3620 1057 3688 bonurn
1071 3635 1104 3688 et

71 3740 241 3826 magnifica
254 3743 420 3824 Augustus
432 3736 571 3803 lecisset.
601 3738 711 3826 lpsum
723 3740 840 3828 quippe
854 3743 1025 3830 nuperrimo
1038 3745 1104 3811 hie.
1173 3745 1179 3756 “

71 3866 146 3948 mis,
154 3863 306 3930 Ticinum
316 3883 416 3950 usque
427 3881 642 3948 progressum,
655 3879 757 3949 neque
770 3867 990 3935 abscedentem
1004 3871 1020 3932 i
1034 3891 1104 3935 cur·
1130 3953 1135 3960 ἦ
