2756 4484
438 239 493 306 Eo
515 234 754 308 CICERONE.
1057 225 1120 317 lta

103 411 238 500 Atque
256 413 317 478 hoc
332 387 537 499 prestantius
552 413 633 479 mihi
647 412 743 478 fuerit
758 410 842 476 etad
856 405 1125 493 laetitiam'auiml,

53 549 92 604 et
121 535 171 604 ad
205 536 371 602 memoriae
394 535 596 622 dignitatem,
623 533 700 600 siin
723 545 779 600 tua
802 534 923 620 scripta
939 557 1123 620 pervenero,

54 665 173 750 qudm
194 659 276 725 siin
292 671 504 726 caeterorum:
529 659 615 746 quod
639 683 704 726 non
728 657 892 745 ingenium
916 657 994 724 mihi
1018 663 1124 725 solum

56 781 325 872 suppeditatum
339 781 436 848 fuerit
452 793 543 848 tuum
564 783 660 870 (sicut
674 778 870 848 Timoleonti
885 782 903 844 d
917 779 1053 862 Timoeo,
1068 793 1125 846 aut

59 912 105 975 ab
124 907 310 974 Herodoto
334 907 555 990 Themistocli)
585 909 641 974 sed
664 907 759 974 etiam
775 907 943 974 auctoritas
959 907 1125 974 clarissimi

60 1050 97 1105 et
124 1037 366 1126 spectatissimi
388 1039 455 1120 viri,
481 1040 568 1104 etin
591 1040 776 1126 reipublicae
802 1039 948 1128 maximis
974 1037 1125 1125 gravissi-

63 1161 207 1246 misque
234 1159 336 1224 causis
366 1159 496 1246 cogniti,
513 1169 608 1246 atque
628 1160 661 1225 in
682 1161 794 1246 primis
819 1160 941 1246 probati
953 1185 964 1244 3
992 1170 1029 1225 ut
1044 1153 1125 1226 mihi

67 1305 141 1350 non
172 1284 284 1347 solhm
307 1281 514 1368 praeconium,
539 1267 635 1369 quod,
660 1285 733 1347 chrn
760 1283 794 1346 in
817 1281 960 1367 Sigaeum
984 1279 1144 1350 venisset'

63 1407 279 1487 Alexander,
303 1407 343 1470 ab
373 1406 514 1470 Homero
539 1406 658 1470 Achilli
682 1406 837 1501 tributum
858 1427 927 1470 esse
942 1406 1041 1488 dixit3
1065 1405 1121 1472 sed

69 1532 177 1595 etiam
201 1549 303 1614 grave
318 1527 537 1592 testimonium
559 1528 756 1614 impertitum
778 1527 852 1592 clari
869 1527 1006 1592 hominis
1030 1550 1122 1614 mag·

73 1651 180 1738 nique
196 1648 355 1714 videatur.
401 1647 509 1714 Placet
532 1647 617 1713 enim
634 1647 757 1714 Hector
775 1647 828 1711 ille
844 1648 921 1712 mihi
938 1648 1124 1740 Naevianus,

76 1773 138 1860 qui
159 1795 237 1838 non
252 1775 377 1836 tantum
394 1772 516 1837 laudari
529 1793 562 1836 se
576 1774 715 1853 laetatur,
730 1771 784 1836 sed
799 1769 886 1836 addit
905 1761 1010 1852 etiam,
1025 1745 1127 1837 δῖαν-

75 1899 157 1964 datn
172 1899 256 1963 vtro.

124 2021 231 2093 Quod
252 2019 279 2084 si
294 2022 312 2082 h
326 2028 357 2083 te
373 2039 438 2082 non
455 2017 602 2105 impetro,
623 2015 687 2081 hoc
701 2027 761 2097 est,
784 2016 811 2081 si
834 2037 896 2102 qua
910 2027 942 2082 te
956 2039 1005 2084 res
1020 2017 1122 2103 impe-

80 2145 195 2226 dierit,
221 2141 436 2228 (nequeenim
452 2141 500 2207 fas
512 2163 581 2206 esse
596 2139 740 2222 arbitror,
758 2139 926 2228 quidquam
942 2161 995 2206 me
1007 2163 1123 2228 rogen·

79 2277 149 2332 tem
166 2268 226 2330 aba
242 2274 274 2328 te
290 2285 353 2328 non
366 2263 546 2349 impetrare)
566 2285 661 2348 cogar
674 2265 806 2328 sortasse
821 2263 1027 2350 facere,quod
1039 2287 1121 2330 non-

81 2389 168 2454 nulli
184 2407 272 2470 saepe
285 2385 541 2468 reprehendunt:
565 2385 699 2450 scribam
715 2384 783 2470 ipse
798 2385 837 2448 de
852 2407 925 2449 me:
950 2389 1123 2452 multorum

80 2520 196 2576 tamen
212 2505 360 2590 exemplo
383 2514 416 2568 et
431 2506 586 2568 clarorum
600 2503 748 2568 virorum.
793 2505 867 2585 Sed,
894 2506 979 2591 quod
1003 2515 1035 2570 te
1057 2529 1121 2572 non

82 2631 181 2718 fugit,
205 2629 275 2693 haec
290 2635 365 2692 smrt
380 2626 413 2690 in
436 2627 497 2690 hoc
513 2645 628 2708 genere
650 2625 736 2690 vitia.
779 2625 826 2692 Et
841 2627 1046 2694 verecundihs
1061 2629 1121 2715 ipsi

86 2757 126 2823 de
139 2774 211 2820 sese
223 2751 499 2817 scribantnecesse
511 2759 571 2829 est,
583 2747 695 2834 siquid
710 2758 758 2813 est
769 2749 981 2830 laudandum3
998 2761 1122 2838 etprae·

84 2881 222 2952 teneant,
243 2871 270 2936 si
293 2869 369 2956 quid
383 2869 677 2957 reprehendendum
693 2881 752 2936 est.
796 2872 930 2940 Accedit
954 2872 1065 2954 etiam,
1087 2885 1123 2939 ut

88 2999 195 3064 minor
207 2995 249 3061 sit
259 2995 351 3076 fides,
366 2994 469 3060 minor
480 2993 649 3060 auctoritas
662 3018 672 3075 3
699 2993 792 3060 multi
805 2996 940 3082 denique
955 2979 1125 3084 repreheri-

88 3122 177 3203 dant,
188 3129 221 3185 et
231 3119 350 3198 dicant,
363 3117 602 3184 verecundiores
614 3139 682 3184 esse
695 3139 858 3202 praecones
871 3121 1020 3186 ludorum
1031 3144 1123 3207 gym-

92 3247 250 3326 nicorum,
265 3243 319 3330 qui
335 3245 408 3308 cum
423 3242 545 3308 ceteris
561 3263 691 3308 coronas
713 3242 922 3329 imposuerint
942 3243 1125 3323 victorihus,

94 3389 264 3454 eorumque
292 3365 423 3432 nomina
448 3370 566 3449 magud
587 3387 666 3430 voce
687 3365 941 3452 pronuntihrint3
966 3369 1039 3430 chm
1065 3367 1126 3454 ipsi

95 3501 167 3556 ante
175 3490 323 3558 ludorum
334 3489 519 3554 missionem
531 3490 649 3554 coronh
658 3487 828 3568 donentur,
838 3489 935 3556 alium
944 3511 1125 3575 praeconem

96 3613 274 3693 adhibeant,
287 3635 327 3678 ne
337 3616 395 3678 sut
404 3633 480 3678 voce
495 3610 556 3696 ipsi
568 3633 601 3676 se
613 3611 746 3677 victores
758 3611 1019 3697 essepraedicent.
1043 3615 1132 3682 Haec

99 3739 155 3800 nos
172 3735 271 3802 vitare
286 3733 444 3820 cupimus,
459 3743 492 3799 et
513 3731 541 3798 si
555 3731 669 3820 recipis
684 3753 812 3798 causam
836 3743 987 3816 nostram,
1009 3735 1122 3801 vitabi-

101 3877 187 3941 mus3
209 3857 304 3948 idque
317 3867 354 3926 ut
369 3857 465 3922 lacios
480 3877 638 3942 rogamus.
