2724 4494
264 257 327 315 sss
364 211 367 220 ’
596 245 651 312 ss
672 243 712 310 c,
734 241 963 314 CORNELIO

262 431 355 486 sator.
389 417 538 486 Pecunia
550 417 662 486 eliense
677 441 742 484 non
757 427 922 507 sppetens,
936 439 1005 484 suse
1017 439 1152 504 parcus,
1172 421 1309 507 publice

262 565 382 608 esurus.
426 541 561 608 Constat
581 540 723 630 potuisse
744 541 907 608 conciliari
926 541 1048 606 snimos
1064 545 1310 628 quantuliscu-

261 687 324 752 que
352 665 438 752 perci
467 663 552 730 senis
581 663 783 730 iiberslitste.
827 663 948 729 Nocnit
977 663 1137 751 antiquus¹
1165 665 1260 753 rigor
1286 683 1312 730 et

262 789 361 854 nimis
375 787 533 869 severitus,
554 787 685 875 cuijsm
702 809 792 876 peres
808 809 873 854 non
891 811 1013 854 sumus.
1056 789 1261 855 Amicorum
1275 793 1310 855 ii-

263 911 495 995 bsrtorumque,
516 907 572 974 ubi
596 909 629 973 in
641 911 746 976 bonos
770 909 942 990 incidisset,
965 908 1033 972 sine
1052 911 1307 994 reprehensione

261 1033 405 1119 patiens:
429 1031 456 1097 si
479 1031 554 1096 muli
577 1031 693 1112 forent,
712 1053 813 1116 usque
834 1032 873 1096 sd
896 1033 1022 1118 culpam
1046 1031 1198 1116 ignarus.
1247 1033 1304 1099 Sed

256 1156 380 1222 claritas
405 1136 567 1235 nautiumg
587 1165 619 1219 et
641 1161 744 1223 metus
761 1165 941 1242 temporum
964 1155 1126 1234 obtentui,
1149 1167 1193 1221 ut
1217 1157 1300 1244 quod

259 1275 396 1364 segnitia
409 1285 485 1358 erst,
500 1275 655 1362 sepientis
668 1283 844 1341 vocaretur.
887 1275 977 1340 Dum
989 1275 1117 1361 vigebat
1131 1287 1229 1358 ntus,
1245 1277 1302 1341 mi·

261 1397 345 1464 iitsri
369 1397 462 1462 leude
485 1395 569 1482 apud
595 1395 783 1462 Germanias
808 1397 932 1462 floruit:
956 1397 1129 1483 proconsul
1156 1397 1301 1462 Africam

261 1521 444 1600 moderete3
463 1515 530 1604 jam
557 1517 672 1598 senior,
692 1515 866 1583 citeriorem
887 1515 1076 1604 Hispaniam
1089 1518 1158 1602 puri
1169 1515 1299 1604 justitit

260 1643 441 1712 continuit:
457 1641 556 1728 msjsr
574 1643 694 1728 privsto
715 1641 814 1722 visus,
835 1641 911 1707 dum
932 1641 1071 1728 privatus
1086 1641 1161 1722 suit,
1176 1653 1212 1708 et
1226 1665 1295 1708 om·

260 1763 348 1834 nium
363 1783 521 1832 consensu
535 1781 634 1848 cspsx
648 1759 781 1850 imperii,
797 1761 857 1826 nisi
872 1761 1066 1850 impetisset.

640 2525 695 2592 Es
716 2523 906 2608 Prqsstisne

600 2729 639 2798 ln
660 2729 728 2798 vis.
749 2731 946 2798 Aunrcoss.

262 2865 507 2988 DEDIMUS
522 2916 665 3004 profectd
679 2915 796 3002 grande
811 2913 973 3002 patientie
988 2915 1222 2986 documentum
1234 2943 1245 3000 ς
1259 2931 1289 2984 et

258 3033 341 3098 sicut
355 3041 445 3094 vetus
460 3036 536 3094 setes
551 3025 641 3108 vidit,
661 3027 738 3116 quid
758 3027 908 3094 ultirnum
930 3028 963 3094 in
979 3027 1124 3094 libertus
1139 3041 1235 3112 esset,
1248 3030 1289 3094 its

257 3175 315 3222 uos
327 3148 402 3238 quid
413 3147 447 3214 iu
462 3145 622 3228 servitute,
637 3147 784 3236 sdempto
796 3169 853 3234 per
864 3147 1083 3236 inquisitiones
1094 3159 1127 3214 et
1139 3147 1287 3238 loquendi

255 3272 465 3360 sudiendique
489 3269 691 3337 commercio.
735 3271 925 3338 Memoriam
950 3291 1077 3358 quoque
1100 3271 1203 3360 ipsum
1218 3293 1287 3340 cum

257 3421 334 3464 voce
356 3393 611 3484 perdidissemus,
631 3393 658 3458 si
680 3403 746 3458 tsm
761 3391 794 3458 iu
809 3373 916 3458 nustrt
930 3401 1088 3478 potestate
1103 3403 1189 3458 esset
1206 3393 1285 3458 obli-

255 3519 333 3586 visci
348 3523 443 3607 quim
457 3527 571 3584 tacere.
608 3515 706 3584 Nunc
721 3515 849 3582 demum
866 3515 946 3582 redit
960 3515 1107 3596 suimus3
1129 3527 1163 3582 et
1175 3511 1286 3604 qu'sm·

256 3641 463 3728 quamprimo
478 3639 585 3706 statim
599 3623 774 3706 beatissimi
789 3601 898 3704 ssiculi
913 3649 985 3704 ortu
1000 3637 1107 3704 Nervs
1118 3639 1228 3706 Cesar
1240 3659 1284 3704 res

256 3761 333 3826 olim
359 3759 571 3828 dissociabiles
600 3759 772 3842 miscuerit,
799 3759 1013 3848 principatum
1038 3781 1075 3826 sc
1097 3759 1284 3843 libertatern,

255 3893 430 3972 augeatque
453 3883 595 3971 quotidie
618 3882 805 3950 facilitatem
829 3879 954 3972 imperii
975 3881 1084 3950 Nem
1106 3881 1280 3974 Trsjuus3
