2804 4524
520 309 760 380 crcnnoun.
1111 321 1148 402 12
1245 295 1247 298 ’

119 479 157 546 C.
174 479 281 563 Cotta,
296 481 351 566 qui
366 490 435 546 turn
451 483 648 552 tribunatum
663 485 767 572 plebis
782 489 923 572 petebat,
939 496 972 554 et
987 487 1025 554 P.
1040 489 1150 576 Sulpi·

116 604 196 686 cius,
218 604 275 691 qui
298 605 447 692 deinceps
463 629 535 688 eum
549 608 769 694 magistratum
791 609 950 696 petiturus
964 615 1149 698 putabatur.

115 727 161 794 Hi
170 728 274 814 primo
286 729 384 794 diede
395 731 590 816 temporibus
602 733 676 813 illis,
689 733 789 820 deque
803 734 949 800 universe
973 737 1148 820 republicl,

117 869 209 932 quam
221 852 265 912 ob
277 869 402 914 causum
416 827 577 932 venerunt,
590 855 726 916 multum
741 853 824 920 inter
834 875 981 942 seusque
992 854 1031 942 ud
1043 867 1149 920 extre-

115 993 202 1036 mum
218 981 345 1056 tempus
358 971 421 1036 diei
432 975 584 1038 collocuti
597 985 685 1040 sunt.
730 976 804 1046 Quo
818 976 946 1062 quidem
971 979 1004 1042 in
1028 1000 1147 1044 sermo·

118 1117 155 1158 ne
172 1093 274 1166 multa
286 1093 437 1160 diuinitus
454 1099 472 1158 ri
487 1097 588 1161 tribus
604 1097 667 1162 illis
683 1099 902 1165 consularibus
918 1100 1014 1190 Culta
1035 1102 1145 1188 deplo-

116 1228 226 1284 staec
241 1229 488 1284 commemorato
508 1223 665 1302 narrabat,
688 1229 725 1284 ut
748 1223 828 1286 nihil
852 1223 1016 1314 incidissel
1037 1236 1149 1311 postea

116 1337 234 1404 civitati
248 1339 336 1420 mali,
350 1339 435 1425 quod
449 1361 512 1404 non
529 1339 709 1424 impendere
726 1341 772 1406 illi
787 1344 877 1408 tontd
893 1344 1150 1433 antdiuuidissent.

115 1457 162 1522 Eo
176 1467 285 1536 eutem
300 1458 389 1524 omni
404 1481 550 1522 sermone
572 1462 731 1536 consecto,
754 1471 874 1526 huntam
897 1463 931 1526 in
948 1449 1062 1528 Crasso
1083 1466 1147 1530 hu·

115 1583 297 1648 manitatem
307 1581 418 1660 fuisse,
432 1592 478 1661 ut,
484 1583 555 1646 edm
567 1582 642 1646 lculi
655 1584 889 1662 accubuissent,
900 1585 1064 1648 tolleretur
1075 1607 1147 1680 ⁰3¹¹?

116 1705 162 1770 nis
175 1705 552 1791 illesuperiorislristilin
564 1706 717 1770 sermonis
731 1731 741 1784 ς
764 1727 863 1790 eaque
875 1715 957 1778 essct
969 1707 1003 1770 in
1016 1705 1147 1772 homine

111 1823 306 1910 jucunditas,
319 1837 352 1889 ct
364 1833 472 1890 lentus
485 1823 665 1912 injocundo
680 1828 780 1910 lepos,
799 1835 834 1893 ut
847 1826 913 1890 dics
926 1827 1074 1892 intereos
1087 1849 1146 1892 cu-

115 1947 168 2016 riae
182 1949 283 2016 fuisse
298 1949 467 2028 videretur,
488 1947 670 2012 com-isium
695 1947 883 2014 Tusculani.
930 1951 1061 2016 Postero
1084 1972 1146 2022 au·
1212 1975 1219 2046 j
1330 1977 1333 1984 ¹

115 2082 178 2138 tem
193 2071 257 2154 die,
272 2075 346 2138 edm
361 2070 409 2136 illi
424 2069 557 2156 majores
573 2083 650 2138 nutu
666 2071 743 2136 salis
760 2072 933 2156 quiessent,
950 2073 983 2138 in
999 2073 1144 2170 ambula·

113 2197 232 2264 tionem
244 2206 375 2262 venium
386 2215 454 2260 esse
467 2196 590 2262 dicebat
602 2219 611 2276 3
628 2206 698 2260 tum
710 2195 884 2260 Scaevolam
896 2195 1021 2264 duobus
1033 2199 1145 2283 spatiis

114 2323 251 2404 tribusve
267 2323 373 2404 fectis,
395 2323 525 2402 dixisse,
541 2322 607 2386 Cur
621 2343 685 2387 non
702 2321 876 2404 imitamur,
891 2321 1014 2404 Crasse,
1030 2319 1144 2390 socra-

42 2523 44 2528 ,
115 2454 178 2510 lem
202 2444 306 2525 illum,
332 2443 387 2529 qui
410 2443 514 2506 estin
538 2443 671 2508 Phaedro
693 2442 863 2508 Platonis?
894 2441 979 2508 Nem
1002 2459 1054 2508 me
1075 2444 1146 2510 haec
1218 2467 1237 2486 ‘

114 2569 168 2636 lue
192 2571 340 2654 platanus
362 2565 553 2632 admonuit?
577 2587 649 2652 quae
675 2587 739 2654 non
763 2567 869 2632 mimis
893 2565 1145 2652 adoperandum

114 2695 200 2759 hunc
215 2695 319 2784 locum
335 2691 450 2776 patulis
466 2699 515 2754 est
528 2689 642 2756 diffusa
655 2689 762 2770 ramis,
778 2693 875 2774 quim
885 2688 951 2774 ille,
966 2687 1057 2776 cujus
1070 2709 1144 2752 um·

112 2821 202 2884 brem
214 2825 341 2896 secutus
354 2825 402 2890 ost
414 2816 559 2880 socrates
572 2837 580 2892 3
592 2797 675 2896 'quse
691 2809 908 2875 mihividelur
920 2819 1062 2874 nontam
1073 2809 1144 2896 ipsd

113 2945 238 3028 aquule,
254 2961 326 3024 quae
341 2937 541 3017 describitur,
555 2939 653 3020 ⁴quum
671 2933 813 3000 Plutonis
827 2931 970 3002 oratione
987 2934 1144 3002 crevisse:

112 3058 179 3138 sed,
202 3057 288 3142 quod
310 3056 363 3118 ille
385 3051 708 3137 durissimispedibus
727 3049 820 3130 lecit,
842 3061 879 3116 ut
899 3073 934 3116 se
947 3051 1096 3139 abjiceret
1109 3055 1145 3120 ln

112 3179 254 3256 herbam,
266 3185 361 3261 atque
374 3175 417 3238 ita
428 3174 495 3254 illa,
508 3193 579 3258 quoe
592 3171 776 3258 philosophi
789 3169 940 3237 divinitus
954 3173 1062 3238 ierunt
1073 3185 1144 3240 esse

112 3299 207 3378 dictu,
221 3299 413 3382 loqueretur,
427 3293 458 3356 id
471 3293 548 3356 meis
562 3291 694 3378 pedibus
708 3295 791 3356 certe
804 3291 935 3358 concedi
948 3268 995 3358 esi
1010 3291 1145 3380 aequius.

110 3421 197 3487 Tum
211 3421 371 3498 Crassum,
382 3417 484 3482 Immo
497 3418 568 3480 vero
580 3415 777 3480 commodius
792 3415 908 3495 etiam3
932 3413 1143 3510 pulvinosque

111 3543 306 3629 poposcisse,
329 3552 486 3604 etomnes
502 3537 588 3602 iniis
605 3536 838 3624 sedibundus
858 3546 946 3600 eraut
964 3539 1025 3606 suh
1038 3539 1142 3626 plata.

97 3666 167 3748 ‘nu,
182 3665 363 3732 consedisse
374 3663 514 3728 dicebat.
985 3755 988 3762 ἱ

156 3789 216 3868 Ibi,
227 3799 265 3854 ut
279 3807 318 3852 ex
333 3786 468 3873 pristino
485 3805 631 3874 sermone
642 3787 855 3876 relaxarentur
870 3782 968 3846 animi
983 3783 1151 3868 omnium,

104 3911 229 3992 solebat
242 3909 337 4030 Cotta
353 3928 485 3988 enarrare,
495 3905 642 3972 Crassum
655 3899 833 3977 sermonem
844 3903 1001 3990 quendam
1013 3903 1053 3970 de
1066 3914 1137 3972 stu·
