2738 4502
1049 269 1108 356 eiu

234 809 284 876 M.
304 809 401 876 curt
413 809 546 878 deuotio.
579 810 653 878 Lib.
675 809 748 876 vn.
775 811 817 877 U.
836 810 872 876 C.
894 817 972 878 392.

83 975 287 1098 EODEM
310 1038 404 1098 anno,
425 1039 482 1082 seu
496 1029 588 1084 motu
600 1027 703 1098 terrm
718 1041 776 1084 seu
787 1023 850 1106 qui
868 1041 899 1084 vr
889 1019 989 1100 alit,
1002 1019 1108 1088 forum

81 1143 225 1212 medium
241 1147 337 1246 terme
360 1165 458 1232 specu
479 1156 568 1210 vasto
590 1143 785 1231 collapsum
777 1168 810 1210 m
826 1147 1014 1214 immensam
1035 1146 1111 1240 ultiq

79 1267 227 1334 tudinem
252 1267 384 1332 dicitnr.
413 1289 516 1353 neque
539 1287 609 1332 eam
634 1267 816 1354 voraginem
837 1267 1109 1356 conjectatum,

83 1413 182 1478 quum
198 1411 256 1476 pro
271 1411 304 1454 se
317 1387 449 1476 quisque
464 1397 596 1473 gereret,
612 1377 730 1476 cipieri
743 1391 887 1476 potuisse
901 1392 1001 1478 prius,
1013 1397 1110 1480 quim

82 1513 190 1578 Detur
208 1511 332 1576 monitu
345 1507 444 1600 quaeri
459 1519 614 1596 coeptum,
630 1531 694 1596 quo
706 1509 878 1596 plurimum
892 1515 1031 1598 populus
1045 1511 1112 1582 Ro·

85 1657 202 1702 munus
214 1644 320 1722 posset
333 1636 344 1698 i
368 1631 406 1698 td
416 1631 503 1698 enim
514 1631 560 1696 iiii
572 1633 644 1697 ioco
653 1631 835 1714 dicendum,
847 1643 933 1698 vates
946 1635 1112 1720 cauebant,

86 1760 112 1824 si
132 1757 364 1846 rempublicam
384 1755 563 1821 Romanum
575 1767 759 1844 perpetuum
775 1777 842 1822 esse
859 1758 988 1822 velient.
1024 1757 1111 1826 Tum

86 1891 133 1958 M.
143 1885 461 1976 Curtium,juvenem
472 1885 559 1952 bello
569 1885 742 1974 egregium,
754 1883 923 1972 mstigtrse
931 1889 1038 1954 ienmt
1051 1889 1115 1956 du·

85 2015 237 2096 bitentes,
259 2033 302 2099 un
324 2011 426 2078 ullum
439 2009 542 2098 magis
565 2009 747 2076 Romanurn
767 2011 900 2094 bonum,
914 2016 1011 2098 quim
1026 2035 1112 2080 mma

86 2143 261 2228 virtusque,
286 2110 379 2206 esset:
423 2135 558 2205 Silentio
573 2137 668 2220 sueto,
689 2141 807 2228 tempta
818 2138 963 2206 Deorum
980 2140 1112 2208 immor·

85 2265 208 2354 talium,
224 2283 296 2350 qum
312 2263 381 2328 foro
396 2261 578 2343 imminent,
590 2235 852 2350 'Capitoliumque
873 2263 1064 2348 intuentem,
1079 2273 1113 2334 et

87 2409 199 2454 munus
216 2409 301 2452 nunc
322 2383 355 2450 in
374 2387 506 2468 coelum,
531 2361 618 2450 nune
632 2383 666 2450 in
680 2395 825 2472 putentes
841 2395 932 2454 terrae
946 2387 1052 2454 hiatum
1072 2387 1113 2456 tui

88 2511 172 2578 Deos
188 2507 535 2596 maneeporrigentem,
548 2529 582 2572 se
597 2507 777 2574 devovisset
791 2497 873 2596 equo
884 2509 1113 2598 deinde,quim

89 2643 222 2722 poteret,
234 2631 370 2698 maxime
389 2641 540 2696 exornato
555 2627 757 2710 insidentem,
773 2642 926 2696 armumm
940 2653 974 2696 se
988 2631 1021 2698 in
1035 2653 1111 2720 rpe-
1211 2619 1213 2626 ¹

86 2777 157 2820 cum
168 2751 348 2832 immisisse,
361 2749 507 2838 doneque
519 2772 555 2816 at·
567 2751 674 2836 fruges
686 2771 781 2838 super
789 2771 863 2818 eum
873 2753 891 2818 i
903 2751 1109 2824 multitudine

86 2885 271 2954 uirorumue
287 2883 455 2950 mulierum
468 2891 653 2968 congestm3
676 2883 844 2970 lucumque
865 2883 1023 2968 Curtium,
1044 2909 1110 2956 non

89 3015 278 3100 abantiquo
297 3013 352 3080 iilo
373 3010 414 3082 Τ.
432 3011 518 3080 Tatii
540 3011 641 3078 milite
662 3011 773 3078 Curtio
793 3011 912 3098 Metto,
927 3016 983 3082 sed
1000 3018 1040 3084 eb
1052 3018 1115 3086 hoe

90 3135 293 3222 appeliatum.
344 3129 429 3198 Cure
454 3154 520 3198 non
555 3133 687 3214 deesset,
716 3131 743 3196 si
772 3153 834 3219 que
862 3133 901 3200 ud
928 3157 1037 3232 vetum
1063 3135 1115 3202 viu

87 3247 295 3343 inquirentem
322 3259 439 3324 ferret:
464 3279 549 3324 nunc
574 3258 657 3322 iamt
678 3277 783 3323 rerum
807 3258 956 3325 standum
977 3271 1036 3340 est,
1058 3259 1115 3326 ubi

92 3391 206 3448 certam
221 3379 351 3466 derogat
367 3391 505 3446 vetustas
526 3379 634 3446 fidem.
677 3379 722 3446 Et
736 3383 829 3448 taem
849 3403 970 3450 nomen
991 3379 1034 3450 ab
1057 3383 1119 3452 hie

92 3503 263 3572 recentiore
275 3500 457 3590 insignitius
473 3503 581 3570 satuit
596 3513 655 3570 est.
