2804 4524
497 283 742 376 ClCERONE·

276 680 454 770 Pnomu.
473 679 558 758 Lib.
575 680 644 756 IV.
661 683 792 756 Acro.
811 677 978 764 Qunsu'.

468 919 596 995 Mauo
618 920 790 989 Lucum.

118 1097 367 1226 MAGNUM
396 1141 561 1230 ingenium
590 1143 630 1210 1..
653 1141 794 1224 Luculli,
821 1165 1036 1232 magnumque
1060 1145 1144 1232 opti.

116 1293 237 1339 marum
268 1269 385 1338 artium
416 1269 568 1352 studium,
596 1279 666 1336 tum
695 1269 799 1336 omnis
827 1271 963 1338 liberalis
991 1284 1023 1346 et
1051 1274 1148 1360 digna

116 1391 246 1460 homine
273 1391 374 1463 nobili
401 1393 441 1456 ab
465 1412 504 1456 eo
528 1402 678 1482 percepta
701 1391 855 1472 doctrina,
878 1393 992 1479 quibus
1019 1405 1143 1482 tempo-

116 1511 203 1578 ribus
224 1513 334 1589 llorere
355 1509 388 1576 in
406 1511 476 1576 toro
494 1509 630 1576 maxime
650 1508 766 1605 potuit,
785 1509 885 1574 caruit
905 1511 1034 1577 omnind
1049 1515 1144 1588 rebus

111 1635 253 1712 urbanis,
299 1633 346 1700 Ut
360 1632 446 1699 enim
461 1631 631 1710 admodum
654 1631 836 1704 adolescens
857 1635 1055 1715 cumfratre,
1077 1635 1143 1721 pari

113 1757 231 1850 pietate
255 1767 288 1822 et
311 1753 464 1828 industria
488 1755 632 1844 praedito,
656 1765 803 1842 paternas
827 1753 1007 1822 inimicitias
1031 1761 1146 1844 magnt

114 1903 188 1950 cum
213 1880 316 1968 gloria
338 1889 387 1944 est
412 1855 610 1971 persecutus,
634 1877 667 1944 in
686 1879 795 1944 Asiam
812 1891 952 1966 quaestor
971 1881 1146 1967 profectus,

114 2004 159 2084 ibi
182 2004 358 2092 permultos
378 2022 478 2070 annos
501 2001 684 2098 admirabili!
702 1967 837 2088 qulddm
861 2003 953 2068 laude
976 2003 1147 2092 provinciae

112 2125 260 2218 praefuit:
290 2121 402 2197 deiude
427 2125 541 2191 absens
565 2125 669 2196 factus
694 2125 805 2207 aedilis,
833 2125 985 2193 continuo
1010 2141 1145 2216 pretor:

117 2247 247 2340 (licebat
269 2249 356 2316 enim
379 2247 511 2316 celerius
533 2247 613 2342 legis
639 2245 769 2349 praernio
784 2249 806 2334 ς)
832 2251 905 2340 post
928 2251 960 2316 in
984 2253 1144 2318 Africam:

116 2367 245 2454 indeed
266 2371 480 2454 consulatum,
505 2393 600 2460 quem
623 2369 667 2437 ita
685 2371 795 2458 gessit,
818 2372 1071 2460 ut·diligentiam
1089 2377 1145 2440 ad-

119 2495 312 2570 mirarentur
324 2517 447 2580 omnes,
457 2492 620 2581 ingenium
631 2508 871 2582 cognoscerent.
909 2497 1149 2564 PustauMith-

116 2617 283 2702 ridaticum
306 2617 427 2698 bellum
450 2613 599 2686 missusi
621 2631 744 2700 senatu,
762 2641 827 2688 non
850 2621 945 2689 modo
965 2621 1147 2707 opinionem

117 2739 192 2806 'vicit
215 2737 373 2822 omnium,
397 2761 470 2830 quar
491 2739 530 2810 de
553 2737 669 2810 virtute
694 2735 761 2826 ejus
785 2749 863 2822 erat,
881 2739 935 2804 sed
960 2737 1055 2802 ctiam
1077 2743 1148 2825 glo·

117 2859 194 2931 riam
219 2859 428 2948 superiorum.

157 2955 266 3068 quue¹
282 2953 319 3062 eo
342 2977 404 3046 fuit
423 2976 609 3060 mirabilius,
632 2977 716 3064 qudd
737 2977 776 3044 ab
798 3000 837 3044 co
860 2979 927 3045 laus
950 2975 1148 3068 imperatoria

9 3191 14 3206 ι
114 3127 181 3172 non
196 3101 367 3170 admodum
382 3103 616 3190 expectabatur,
637 3101 692 3190 qui
707 3091 948 3168 adolescentiam
972 3101 1005 3169 in
1028 3105 1146 3172 lorensi

116 3227 224 3316 opert,
247 3238 418 3315 quaesturae
432 3223 619 3292 diuturnum
643 3235 779 3314 tempus,
800 3223 946 3294 Muraenl
968 3229 1088 3306 bellurn
1111 3229 1146 3295 in

116 3339 223 3418 Ponto
238 3362 380 3437 gerente,
401 3347 435 3416 in
448 3345 535 3421 Asia
549 3371 626 3438 pace
641 3361 890 3440 consumpserat.
934 3337 997 3416 Sed
1012 3349 1147 3417 incredi-

117 3467 194 3542 tilis'
203 3475 349 3563 quaedam
363 3461 484 3559 ingenii
499 3471 686 3560 magnitudo
701 3495 766 3539 non
781 3471 967 3544 desideravit
978 3471 1148 3544 indocilem

120 3599 195 3660 ustis
210 3584 422 3679 disciplinam.
459 3589 571 3678 Itaque
586 3593 661 3656 curn
676 3601 780 3658 totum
795 3589 901 3658 iteret
916 3591 1148 3677 navigationem

122 3711 510 3802 consumpsisset,'partim
526 3711 559 3779 in
573 3711 820 3798 percontandoi
840 3713 960 3799 peritis,
982 3713 1097 3802 partim
1114 3715 1147 3788 in

121 3837 214 3904 rebus
229 3837 326 3923 gestis
339 3837 493 3924 legendis,
503 3835 535 3901 in
548 3835 657 3901 Asiam
668 3833 772 3902 factus
785 3833 953 3922 imperator
964 3837 1061 3918 venit,
1074 3841 1147 3908 cum

122 3961 202 4026 ‘esset
217 3955 320 4040 Romi
335 3961 496 4054 profectus
510 3939 556 4040 rei
571 3955 713 4042 militaris
727 3957 825 4024 rudis.
864 3957 989 4026 Habuit
1001 3959 1084 4026 enim
1099 3959 1148 4028 di-.
