2738 4502
505 297 716 369 murro.
1061 309 1120 369 un

83 495 159 542 sese
174 472 305 561 recepit.
348 470 427 540 lndc
441 471 560 540 clamor
583 472 617 540 in
633 485 734 540 totam
748 471 935 540 concionem
950 481 1000 540 est
1013 475 1117 562 perla-

86 607 166 664 tnsr
190 595 266 662 alibi
290 615 410 682 preces
425 595 501 662 aiibi
522 595 617 662 mine
632 597 851 662 audiebantur.
895 595 960 668 Qui
982 571 1117 682 proximi

86 717 173 786 forte
198 716 336 784 tribunal
358 727 521 798 steterant,
543 715 617 806 quia
643 715 779 804 subjecti
801 717 901 784 oculis
924 717 1120 804 imperatoris

87 835 242 902 noscitari
258 845 415 922 poterant,
430 837 573 916 orabant,
591 846 629 902 ut
642 847 785 922 parceret
801 837 952 922 magistro
967 836 1122 922 equitum,

88 981 158 1026 neu
173 980 244 1026 cunr
260 979 299 1024 co
310 959 485 1024 exercitum
496 957 668 1024 damnaret.
701 957 854 1024 Extrema
868 958 1025 1024 concinet
1039 958 1123 1026 circa

87 1076 228 1142 Fabium
240 1077 356 1164 globus
370 1077 575 1164 increpabant
591 1078 820 1142 inclementem
836 1077 1042 1144 dictatorem:
1063 1099 1124 1143 nec

90 1201 208 1285 procul
219 1197 378 1292 seditione
392 1201 532 1264 aberant.
576 1199 628 1264 Ne
643 1199 781 1264 tribunal
795 1199 922 1286 quidem
938 1201 1016 1266 satis
1032 1199 1124 1288 quie·

90 1335 166 1388 turn
182 1331 258 1386 erat.
302 1319 426 1406 Legati,
441 1321 680 1386 circumstantes
696 1323 817 1401 sellam,
832 1328 972 1402 orabant,
997 1333 1033 1388 ut
1055 1343 1121 1390 rem

91 1441 128 1505 in
144 1447 307 1526 posterum
322 1437 405 1503 diem
420 1437 569 1520 differret,
584 1448 618 1504 et
631 1437 686 1504 irae
700 1459 767 1504 suae
782 1439 931 1526 spatium,
945 1451 978 1504 et
993 1441 1126 1508 consilio

90 1575 230 1648 tempus
245 1561 343 1626 daret.

136 1683 249 1756 Quum
273 1683 307 1752 in
336 1703 371 1748 se
404 1681 505 1768 magis
536 1681 706 1750 incitarent
737 1681 935 1764 dictatorem,
965 1685 1061 1770 quam
1094 1683 1128 1750 in

92 1801 285 1888 magistrum
309 1799 452 1886 equitum
476 1801 647 1886 placarent,
667 1798 750 1887 jussi
769 1801 808 1865 de
834 1800 985 1866 tribunali
999 1800 1130 1868 descen·
1225 1865 1232 1884 ,

93 1927 171 1991 dere
184 1921 301 2009 legati3
326 1935 371 2004 et,
386 1922 514 1986 silentio
529 1921 739 2008 nequicquam
751 1921 816 2010 'per
831 1944 1012 2010 praeconem
1026 1934 1131 1991 tenta·

94 2061 146 2131 to,
160 2069 270 2134 quum,
288 2068 354 2134 pra
370 2045 502 2132 strepitu
520 2065 557 2110 ac
577 2045 732 2125 tumultu,
751 2067 811 2111 nec
834 2044 934 2132 ipsius
953 2045 1127 2132 dictatorie,

97 2191 161 2236 nec
175 2169 388 2258 apparitorum
401 2165 470 2256 ejus
485 2188 547 2232 vox
559 2168 736 2248 audiretur3
759 2189 834 2250 nor,
849 2171 937 2235 vetut
956 2169 989 2234 in
1010 2169 1132 2258 praelio,

95 2291 265 2360 certamini
285 2291 381 2358 duem
397 2291 484 2356 tecit.
517 2289 673 2377 Magister
691 2291 852 2380 equitum,
877 2291 987 2380 jussus
1008 2303 1136 2380 postero

96 2413 150 2480 die
163 2413 282 2494 adesse,
296 2433 395 2498 quum
407 2433 518 2478 omnes
528 2411 730 2494 affirmarent,
740 2412 886 2478 infestiirs
903 2411 1069 2500 Papirium
1080 2435 1137 2478 ex·

97 2558 253 2617 arsurum,
269 2536 423 2622 agitatum
434 2535 639 2601 contentione
653 2535 736 2632 ipsa,
745 2537 1040 2624 exacerbatumque,
1051 2537 1134 2604 ciam

95 2649 138 2726 cx
147 2659 257 2725 castris
272 2659 406 2724 Romam
416 2657 557 2746 profugit
569 2683 579 2737 3
602 2667 645 2738 et,
659 2667 746 2743 patre
759 2668 886 2722 auctore
898 2657 948 2726 Μ.
961 2655 1070 2738 Fabio,
1079 2658 1134 2744 qui

100 2779 225 2866 terjam
240 2781 352 2844 consul
368 2777 566 2863 dictatorque
584 2779 699 2859 iuerat,
715 2787 826 2844 vocato
839 2777 999 2864 extemplb
1009 2789 1136 2860 senatu,

100 2919 204 2985 quum
218 2899 354 2964 manime
372 2907 617 2984 conquereretur
631 2895 714 2984 apud
729 2894 837 2962 Patres
853 2895 917 2961 vim
936 2907 1031 2984 atque
1046 2895 1131 2984 inju-

98 3023 179 3090 riam
190 3019 367 3100 dictatoris,
381 3025 512 3105 repente
527 3019 676 3106 strepitus
686 3029 759 3086 ante
770 3019 889 3084 curiam
903 3018 1049 3086 lictorum
1059 3023 1137 3086 sub·

102 3140 303 3210 moventium
327 3139 470 3204 auditur:
500 3151 533 3204 et
565 3139 631 3225 ipse
659 3137 801 3204 infensus
829 3137 946 3219 adorat,
971 3151 1138 3228 postquam

103 3261 259 3348 comperit
273 3261 449 3345 proiectum
468 3279 508 3322 ex
517 3259 637 3340 castris,
647 3281 719 3323 cum
732 3257 878 3346 expedito
891 3259 1034 3348 equitatu
1046 3281 1138 3325 secu-

103 3398 167 3452 tus.
211 3381 453 3451 Iteratadeinde
474 3382 646 3462 contentio,
660 3393 692 3448 et
707 3381 815 3468 prendi
839 3381 971 3448 Fabium
986 3381 1132 3469 Papirius

100 3501 211 3594 jussit.
236 3505 301 3571 Ubi
317 3491 427 3592 quum,
443 3503 683 3590 deprecantibus
695 3504 882 3590 primoribus
893 3503 1033 3585 Patrum,
1046 3514 1140 3592 atque

105 3625 255 3692 universo
279 3633 402 3705 senatu,
417 3633 569 3710 perstaret
587 3623 620 3688 in
641 3623 770 3709 incepto
790 3622 920 3688 immitis
936 3623 1078 3706 animus,
1101 3647 1140 3690 ex

107 3747 194 3812 curib
217 3746 249 3812 iu
265 3747 455 3812 concionem
468 3745 543 3810 itur.
588 3745 662 3815 Quo
676 3767 748 3810 eum
765 3746 871 3832 paucis
894 3746 1040 3828 dictator,
1064 3770 1137 3812 cum

105 3869 194 3940 omni
208 3867 336 3956 agmine
351 3867 533 3956 principum
546 3867 695 3950 magister
709 3867 853 3954 equitum
868 3891 968 3961 quum
978 3868 1138 3936 ascendis,

580 3989 608 4058 Ε
625 4011 641 4054 c
658 3999 677 4056 2
