2724 4494
244 209 307 266 aea
464 215 467 225 ·
580 201 634 266 Ec
657 201 694 264 C.
718 197 950 296 CORNELIO

247 372 292 438 tio
307 373 439 458 integra
453 372 557 440 caeos
571 383 708 462 ereptos,
724 377 878 460 qnantum
900 375 939 440 aet
964 371 1098 460 gloriam
1123 375 1284 461 longissi-

246 517 335 560 mum
351 517 456 562 ravam
472 495 604 582 peregit.
647 495 776 582 Quippe
791 507 824 562 et
839 517 911 560 vera
923 499 1019 578 bona,
1035 517 1110 582 quae
1124 497 1163 562 in
1176 497 1284 564 virtu-

242 615 327 682 tibus
340 617 400 682 sita
411 627 498 696 sunt
510 617 713 703 impleveram
736 629 770 682 et
784 617 1002 682 consularibus
1016 621 1055 682 ae
1066 617 1281 706 triumphali-

243 743 302 805 bus
315 739 508 804 ornamentis
525 739 671 826 praedito,
687 739 764 824 qnid
778 739 865 804 alind
881 739 1041 805 adstruere
1055 741 1195 806 fortuna
1206 754 1283 827 pot-

243 867 331 930 erat?
355 863 481 949 Opibus
496 861 603 926 nimiis
624 883 688 926 oon
709 861 878 947 gaudebat,
893 862 1044 948 speciose
1059 865 1281 948 contigerant.

241 987 320 1052 Fitit
335 999 430 1072 atquo
448 1005 543 1052 uxore
559 984 795 1072 superstitibus,
809 995 914 1070 potest
928 985 1024 1050 videri
1036 985 1136 1050 etiarn
1151 989 1279 1068 beatus,

241 1105 394 1171 incolumi
419 1105 584 1188 dignitate,
609 1108 741 1172 florente
766 1107 863 1184 terna,
888 1103 983 1172 salvis
1007 1105 1228 1176 affinitatibus
1249 1123 1280 1176 et

243 1229 401 1308 amicitiis,
416 1231 524 1296 tutare
537 1229 699 1314 effugisse.
734 1227 818 1294 Nam
833 1229 927 1296 sicuti
939 1231 1051 1296 durare
1067 1233 1100 1296 in
1118 1233 1184 1298 htc
1203 1237 1276 1300 bea·

241 1349 356 1416 t'asinri
370 1349 481 1416 sarculi
495 1351 579 1430 lnce,
594 1369 631 1416 ac
644 1347 819 1444 principem
842 1349 1016 1438 manum
1041 1353 1162 1433 mttere,
1189 1355 1275 1439 qnod

238 1454 371 1559 augurio
385 1471 530 1560 votisque
544 1473 628 1560 apud
647 1483 769 1536 nostras
783 1493 873 1538 auree
888 1473 1113 1540 ominabntnr:
1146 1476 1196 1540 its
1211 1479 1276 1540 fes-

240 1597 348 1670 tinatae
364 1595 475 1662 mortis
491 1595 609 1680 pande
624 1593 771 1660 sohtium
794 1595 880 1675 trrlit,
907 1597 1045 1664 evasisse
1070 1608 1275 1684 postremum

240 1717 321 1784 ittnd
336 1727 473 1804 tempus,
489 1737 554 1802 quo
570 1715 778 1782 Domitianus
798 1735 862 1781 non
885 1715 953 1802 jam
969 1737 1026 1801 per
1039 1717 1213 1785 intervalia
1237 1741 1273 1784 ac

239 1842 431 1928 spiramenta
444 1851 634 1926 temporum,
643 1837 699 1904 sed
714 1837 868 1904 motiano
879 1847 914 1904 et
928 1842 1015 1906 vetat
1023 1861 1090 1906 nno
1103 1839 1173 1906 icta
1187 1863 1273 1910 rem·

241 1961 401 2050 publicam
416 1959 574 2028 exhausit.
612 1959 688 2024 Non
709 1957 787 2026 vidit
798 1959 947 2044 Agricola
961 1960 1121 2026 obsessam
1137 1961 1271 2042 cariem,

242 2085 428 2150 certantum
439 2083 533 2150 maris
544 2091 701 2162 senatum,
711 2091 745 2148 et
754 2083 863 2150 mosen
876 2093 982 2168 strage
991 2091 1042 2150 tot
1050 2085 1271 2152 consularium

240 2203 353 2284 udae,
383 2212 431 2268 tot
457 2199 723 2269 nobilissimarum
751 2201 942 2268 teminorum
966 2203 1077 2270 exuta
1104 2213 1139 2270 et
1165 2207 1273 2292 togas.

239 2327 321 2392 Mor
343 2333 463 2392 nostrae
478 2323 596 2390 duxere
610 2319 796 2392 Helvidium
813 2323 848 2390 in
862 2345 1020 2392 carcerem
1043 2345 1182 2392 manua
1210 2347 1270 2390 nos

243 2445 379 2516 Maurici
401 2443 589 2532 Rusticique
603 2442 700 2523 abus,
714 2461 772 2510 nos
787 2441 951 2510 innocenti
966 2443 1121 2528 sangrum
1132 2443 1271 2514 Senecio

238 2569 388 2660 pertudit.
431 2569 520 2636 Nero
534 2577 642 2636 umen
656 2567 814 2636 cubuerit
826 2569 952 2648 oculos,
961 2565 1125 2655 jussitque
1133 2542 1268 2650 'scetem

242 2717 306 2766 nan
321 2694 486 2784 spectavit.
530 2690 694 2782 Praecipua
707 2693 767 2760 snb
779 2691 969 2760 Domitiano
983 2693 1183 2762 miseriarum
1197 2715 1269 2784 pars

236 2827 314 2895 erat,
324 2815 430 2882 ridere
440 2825 473 2880 et
488 2813 603 2900 aspicia
621 2815 696 2882 cuna
707 2813 841 2901 suspiria
853 2825 959 2882 norbo
970 2815 1265 2882 subscriberemus:

240 2949 312 3010 eam
328 2939 516 3009 denotandis
532 2949 581 3008 tot
594 2939 761 3006 hominum
781 2941 953 3028 potioribus
976 2942 1137 3011 sufficeret
1161 2965 1266 3010 saevus

241 3075 295 3140 itte
310 3073 418 3138 voltus
434 3079 465 3134 et
478 3071 586 3149 rubor,
601 3071 621 3134 t
634 3089 699 3156 qno
713 3087 748 3134 se
760 3077 872 3134 contm
884 3066 1036 3155 pudorem
1053 3067 1229 3134 muniebat

285 3197 338 3262 Tn
353 3197 428 3262 verb
442 3193 530 3276 felix,
544 3191 705 3278 Agricola,
723 3211 789 3258 non
805 3189 878 3257 uitae
893 3193 1017 3256 numm
1034 3189 1189 3273 claritate,
1213 3191 1267 3256 sed

240 3321 337 3386 etiam
362 3315 601 3408 opportunitate
625 3313 746 3380 mortis.
784 3311 832 3380 Ut
855 3312 1025 3400 per-bibent
1039 3311 1095 3398 qni
1110 3313 1264 3379 interfoe-

238 3453 314 3508 runt
328 3440 508 3508 novissimis
523 3437 723 3504 sermonibus
737 3435 813 3516 tois,
829 3447 979 3502 constans
990 3435 1143 3501 ettibens
1161 3437 1263 3502 tatum

241 3561 405 3649 excepisti,
421 3573 581 3650 tamquam
596 3581 655 3648 pro
668 3557 750 3624 virili
769 3557 916 3644 portione
938 3555 1155 3622 innocentiam
1177 3557 1265 3644 prin·

239 3685 303 3774 cipi
318 3685 461 3750 donares.
506 3683 570 3752 sed
591 3681 670 3748 nubi
679 3679 836 3767 tiliaeque,
851 3689 967 3766 praetor
979 3679 1184 3746 acerbitatem
1209 3701 1264 3766 pa·

239 3811 336 3880 rectis
351 3809 461 3898 erepti,
485 3821 580 3897 anget
596 3807 794 3890 moestitiam,
809 3805 894 3896 qabd
919 3805 1056 3874 assidce
1080 3805 1263 3886 valetudini,
