2756 4484
248 223 313 296 372
651 215 878 284 bristoud:

249 393 307 458 ciis
322 393 397 476 fugit
412 391 578 476 redituque
594 391 769 456 retinetur?
794 391 912 456 etenim
928 391 1004 456 ordo
1029 391 1098 476 ipse
1123 392 1307 458 annalium

250 513 451 580 mediocriter
486 513 696 610 noerolium,
722 514 812 601 quasi
850 512 1087 584 enumeratione
1127 517 1310 581 fastorum.

250 639 295 702 At
320 638 378 704 viri
393 659 477 724 saepe
501 637 686 704 excellentis
710 635 866 723 ancipites
895 637 1035 723 variique
1063 655 1160 703 casus
1182 639 1313 704 habent

251 757 502 839 admirationem,
515 757 794 844 exspectationem,
810 757 964 839 laetitiam,
980 759 1175 842 molestiam,
1194 783 1306 847 spem,

254 882 411 947 timorem.
455 881 491 946 Si
516 883 589 946 verb
610 881 697 946 exitu
719 881 850 946 notabili
873 881 1122 962 concluduntur,
1147 886 1306 970 expietur

255 1005 379 1072 animus
397 1003 627 1090 jucundissimi
649 1003 794 1069 lectionis
817 1007 992 1090 voluptate.
1037 1005 1112 1074 Quo
1135 1005 1226 1070 mibi
1251 1029 1304 1072 ac-

256 1126 367 1192 cidc'rit
383 1125 534 1211 optatius,
550 1125 577 1189 si
593 1126 624 1190 iu
641 1125 701 1190 hac
717 1127 876 1190 scrrtcutill
891 1127 1001 1208 fueris,
1022 1135 1058 1190 ut
1079 1129 1099 1191 d
1124 1127 1305 1193 continen-

256 1245 341 1312 tibus
363 1247 425 1310 tuis
441 1247 576 1332 scriptis,
599 1247 632 1311 in
656 1247 773 1334 quibus
788 1259 972 1333 perpetuam
996 1269 1102 1312 rerum
1128 1263 1301 1332 gestarum

254 1369 418 1434 historiam
431 1371 659 1457 complecteris
673 1393 815 1436 secernas
828 1345 910 1436 banc
924 1371 1013 1457 quasi
1029 1373 1175 1438 fabulam
1189 1396 1299 1439 rerum

257 1505 504 1580 eventorumque
519 1505 710 1560 nostrorum.
744 1495 852 1559 Habet
868 1495 953 1560 euim
970 1495 1073 1562 varios
1090 1509 1202 1578 actus,
1217 1499 1304 1563 mul·

260 1627 370 1703 tasque
386 1619 526 1684 actiones
543 1630 575 1682 et
591 1617 794 1682 consiliorum
810 1629 843 1682 et
858 1627 1047 1709 temporum.

301 1742 350 1805 Ac
365 1761 537 1822 uenerem,
554 1763 593 1805 ne
608 1741 874 1806 assentatiunculi
890 1741 1026 1827 quidam
1042 1743 1202 1828 aucupari
1215 1753 1302 1808 tuam

183 1921 189 1932 .
259 1864 393 1950 gratiam
410 1863 522 1944 ridear,
538 1867 610 1930 edm
627 1865 689 1929 boc
704 1865 930 1946 demonstrem,
946 1887 996 1929 me
1010 1869 1029 1930 a
1045 1879 1077 1930 te
1092 1865 1302 1952 potissimum

261 1987 366 2052 ornari
381 1989 592 2075 celebrarique
612 1989 704 2054 velle.
750 1989 864 2074 Neque
879 1987 965 2054 enim
981 1997 1016 2052 tu
1031 1989 1058 2052 is
1069 2011 1120 2072 es,
1144 1989 1219 2075 qui,
1233 1989 1305 2077 quid

260 2106 314 2187 sis,
329 2107 471 2187 nescias3
496 2119 528 2174 et
542 2107 598 2192 qni
614 2131 678 2174 uon
694 2129 749 2174 eos
764 2113 877 2194 magis,
893 2109 947 2195 qui
963 2117 995 2173 te
1011 2129 1076 2174 nou
1093 2107 1302 2188 admirentur,

261 2226 397 2306 invidos,
410 2229 505 2312 quim
520 2229 574 2292 e‘os
587 2227 641 2312 qui
654 2229 796 2310 laudent,
810 2239 1018 2296 assentatores
1031 2229 1199 2298 arbitrere.
1238 2233 1302 2297 Ne·

263 2371 324 2438 que
339 2359 445 2414 autem
461 2371 521 2435 ego
536 2371 607 2416 sum
624 2351 667 2416 ita
678 2351 821 2434 demens,
842 2363 878 2418 ut
900 2375 950 2418 me
966 2352 1170 2438 sempitemae
1194 2355 1301 2440 glorie

265 2493 321 2560 pcr
346 2495 419 2538 eum
447 2473 661 2540 commendari
686 2475 793 2556 velim,
821 2475 876 2562 qui
904 2497 967 2540 non
985 2475 1197 2562 ipsequoque
1214 2479 1248 2544 in
1263 2500 1308 2543 me

265 2597 517 2662 commeudando
533 2597 687 2683 propriam
701 2598 820 2682 ingenii
833 2597 964 2686 gloriam
979 2611 1206 2684 consequatur.
1235 2601 1301 2666 ule-

265 2740 327 2806 que
341 2721 424 2784 enim
437 2721 615 2784 Alexander
626 2721 679 2786 ilie
691 2721 800 2804 gratita
814 2726 906 2786 causti
920 2725 959 2786 ab
971 2723 1087 2807 Apelle
1099 2723 1299 2807 potissimum

266 2841 366 2926 pingi,
383 2853 413 2904 et
427 2845 445 2906 ia
457 2841 594 2927 Lysippo
610 2839 687 2927 liugi
709 2845 834 2908 volebat
847 2867 856 2923 3
881 2845 937 2908 sed
952 2843 1038 2929 qudd
1061 2843 1192 2910 illorum
1206 2855 1301 2911 artem

267 2965 339 3026 clun
356 2962 444 3048 ipsis,
459 2975 527 3027 tum
544 2965 637 3028 etiam
653 2965 713 3028 sibi
729 2965 837 3050 gloriae
859 2969 926 3032 iore
942 2971 1085 3054 putabat.
1130 2969 1239 3067 Atque
1257 2971 1300 3035 ilii

265 3089 410 3170 artifices,
433 3087 571 3174 eorporis
591 3087 758 3154 simulacra
781 3087 898 3172 ignotis
922 3099 997 3152 nota
1018 3088 1205 3172 faciebaut3
1227 3112 1295 3176 qua

266 3216 317 3279 rel
340 3213 365 3278 si
390 3213 477 3278 nulia
492 3211 569 3292 siut,
593 3209 694 3276 nihilo
721 3211 786 3274 sint
801 3221 906 3276 tamon
923 3201 1120 3276 obscuriores
1143 3213 1221 3278 clari
1236 3213 1296 3277 siri.

265 3337 336 3402 Nec
352 3337 457 3402 minda
477 3345 526 3400 est
541 3333 714 3422 Spartiates
729 3333 895 3420 Agesilaus
918 3333 971 3398 ille
994 3333 1222 3418 perhibendus,
1246 3335 1295 3422 qui

266 3479 372 3544 neque
387 3459 503 3544 pictam
520 3477 622 3542 neque
633 3456 739 3521 fictam
752 3453 923 3541 imaginem
935 3477 1025 3520 suam
1034 3478 1145 3541 passus
1158 3465 1208 3524 est
1222 3480 1294 3536 esse,

269 3589 362 3668 qulm
388 3581 499 3668 quiin
526 3603 565 3645 eo
588 3599 703 3664 genere
733 3578 926 3643 labortruut.
974 3577 1066 3644 Unus
1087 3579 1175 3644 enirn
1195 3579 1296 3644 Xeno-

267 3703 398 3793 phontis
414 3703 539 3769 libellus
555 3701 588 3767 in
604 3723 642 3766 eo
656 3723 729 3786 segc
743 3701 897 3766 laudando
914 3701 1004 3768 facile
1021 3723 1132 3790 omnes
1148 3703 1292 3789 imagines

270 3823 413 3892 omnium
431 3833 612 3908 statuasque
629 3819 796 3910 superavit.

1187 3913 1195 3947 i
