2724 4494
432 219 715 310 rurnncuno.
1035 229 1097 291 eor

44 395 155 476 modo
170 395 436 474 constitueretu13
452 406 486 460 et
500 395 554 480 qui
567 395 680 465 luisset
692 395 848 482 locuples,
863 395 952 464 lieret
964 417 1095 474 omens,

45 489 174 614 siliqua
188 517 321 610 quisque
336 516 467 602 periculi
482 537 601 580 merces
616 517 719 596 foret3
743 535 803 580 nec
823 515 994 601 quidquam
1008 515 1093 582 ritb-

47 653 147 712 rctur
163 650 266 723 turpe,
278 639 367 726 ¹quod
381 647 463 702 esset
479 647 709 724 quaestuosum.
944 711 945 718 χ

104 758 289 826 Secundum
305 757 418 825 deinde
435 758 637 827 consulatum
653 755 767 836 Cinna,
783 767 815 822 et
830 756 1001 841 septimum
1022 756 1095 822 Ma-

54 881 127 948 rins
143 879 176 944 in
193 881 331 966 priorum
349 877 486 944 dedecus
509 877 602 958 iniit;
626 875 717 964 cujus
733 876 824 943 initio
840 879 951 942 morbo
967 899 1096 964 alapres-

53 1025 116 1068 sus
132 1001 267 1066 decessit
283 1025 290 1060 ε
315 999 361 1064 vir
376 1001 408 1075 in
432 1002 516 1066 bello
541 999 698 1079 hostibus,
714 975 751 1064 in
764 997 830 1066 otio
845 999 968 1066 ciuibus
992 999 1095 1066 inies-

55 1123 217 1202 tissimus,
234 1123 412 1210 quietisque
428 1091 747 1208 impatientissimus

105 1243 169 1308 Vir
185 1243 356 1330 quidquam
373 1243 405 1308 in
422 1245 520 1308 Sullae
536 1242 684 1330 operibus
707 1241 820 1308 elarius
833 1243 987 1324 duxerim,
1000 1246 1096 1332 quam

58 1365 161 1454 qudd,
185 1369 258 1432 cium
292 1389 346 1452 per
368 1365 539 1479 triennium
567 1365 723 1429 Cinnanoe
746 1365 962 1450 Marianaeque
991 1379 1095 1454 partes

58 1490 190 1560 ltaliam
202 1489 395 1567 obsiderent,
409 1509 512 1573 neque
528 1486 689 1551 illaturum
706 1509 739 1550 se
754 1488 874 1550 bellum
890 1485 929 1550 iis
946 1489 1095 1554 dissimu-

59 1616 153 1698 lavit,
176 1637 235 1680 nec
251 1613 347 1710 ¹quod
368 1623 434 1678 crat
456 1611 492 1681 in
515 1611 663 1678 unanibus
692 1613 799 1680 omisit
811 1638 821 1694 ;
844 1615 1097 1704 existimavitque

61 1745 140 1808 ante
156 1735 365 1836 frangendum
388 1737 523 1816 hostem,
546 1737 643 1822 qubm
658 1736 877 1804 ulciscendum
896 1738 1017 1821 civem;
1044 1763 1095 1820 re-

61 1871 225 1958 pulsoque
248 1875 379 1930 externo
395 1875 496 1942 metu,
521 1863 575 1928 ubi
599 1864 684 1948 quod
700 1861 839 1930 alienum
855 1878 938 1932 esset
959 1868 1098 1952 vicisset,

62 2005 229 2086 superaret
240 1995 325 2082 quod
338 1991 636 2062 erutdomesticum.
659 1991 744 2058 Ante
755 1993 925 2106 adventpm
937 1995 976 2062 L.
987 1997 1099 2082 Sullae,

63 2119 173 2186 Cinna
187 2115 342 2182 seditione
356 2117 424 2180 ortt
439 2115 477 2178 ab
493 2113 635 2178 exercitu
650 2111 858 2202 interemptus
874 2103 945 2184 est¹r
969 2118 1015 2184 vir
1026 2121 1098 2208 dig-

66 2249 153 2330 nior,
181 2243 237 2333 qui
258 2241 389 2312 arbitrio
422 2241 578 2310 victorum
609 2255 796 2328 moreretur,
820 2249 915 2332 qubm
937 2247 1100 2342 iracundia

66 2379 228 2457 militum3
251 2373 290 2441 de
305 2395 369 2460 quo
383 2377 456 2436 rere
479 2367 542 2435 dici
562 2381 680 2460 potest,
702 2393 814 2437 ausum
829 2395 903 2438 cum
918 2395 990 2460 quae
1005 2353 1101 2444 uento

68 2507 202 2575 auderet
215 2505 332 2584 bonus,
346 2495 516 2588 perfecisse
531 2517 602 2590 quae
618 2499 636 2560 b
651 2499 741 2560 nullo
756 2495 818 2566 nisi
841 2499 1013 2569 fortissimo
1027 2525 1100 2590 per-

67 2637 126 2704 fici
137 2643 291 2724 possent3
314 2627 461 2698 etiuisse
476 2647 550 2692 eum
565 2625 598 2690 in
611 2613 822 2694 consultando
837 2603 1051 2716 temerarium,
1066 2635 1100 2702 in

67 2747 274 2846 exsequendo
289 2753 404 2824 uirum.
819 2754 823 2765 '
1059 2845 1064 2858 .
1112 2820 1119 2836 .

117 2881 246 2950 Putares
262 2879 384 2943 Sullam
405 2872 529 2944 reabse
553 2869 587 2940 in
608 2871 747 2956 ltaliam,
761 2893 826 2940 non
842 2875 917 2942 belli
932 2873 1101 2962 vindicem,

72 3007 133 3076 scd
145 3004 234 3094 pacis
248 3013 431 3067 auctorem:
456 3003 545 3064 tsntt
560 3017 632 3062 cum
649 2996 756 3084 quiete
771 2998 945 3066 exercitum
969 3023 1026 3090 per
1040 3003 1101 3072 Ca.

70 3103 204 3196 libriam
217 3125 442 3214 Apuliamque,
455 3143 529 3190 cum
542 3121 693 3210 singulari
706 3123 781 3191 curt
791 3124 932 3213 frugum,
944 3149 1104 3217 agrorum,

73 3249 256 3328 hominurn,
280 3245 415 3326 urbium,
436 3243 585 3332 perduxit
603 3243 635 3310 in
658 3244 886 3334 Campaniam
909 3251 1103 3340 tentavitque

67 3367 167 3458 justia
192 3367 315 3454 legibus
331 3375 363 3432 ct
377 3361 479 3454 aequis
494 3359 731 3432 conditionibus
748 3368 867 3432 bellum
893 3381 1101 3464 componete:

74 3495 130 3562 sed
147 3493 196 3576 iis,
211 3494 329 3580 quibus
344 3501 376 3558 et
395 3485 533 3580 pessima
547 3501 579 3556 et
594 3491 763 3558 immodica
777 3493 933 3580 cupiditas
944 3507 1022 3580 erat,
1038 3519 1103 3568 non

72 3630 200 3710 poterat
216 3643 276 3708 pax
291 3621 425 3706 placere.
470 3615 639 3682 Crescebat
655 3616 782 3682 interim
804 3615 838 3684 in
853 3617 920 3686 dies
932 3619 1030 3686 Sulla
1045 3643 1102 3688 ex·
1122 3609 1128 3620 ⁸

76 3742 209 3824 eicibu,
222 3740 457 3813 confluentibus
468 3717 514 3804 ad
523 3761 600 3817 eum¹
609 3739 734 3842 optimo
743 3751 913 3836 quqquect
927 3743 1107 3833 smissirpo.

73 3870 173 3939 Felici
189 3869 303 3935 ‹leinde
316 3835 400 3940 circa
411 3867 555 3952 Capuam
567 3877 683 3934 eventu
697 3865 882 3958 Scipionem
898 3868 1105 3938 Norbanum-
