2756 4484
481 231 535 297 Ea
557 225 794 296 CICERONE.
991 262 994 268 ·
1082 235 1147 294 889

89 405 130 472 in
157 413 265 471 tantas
286 421 444 470 erumnas
471 413 600 490 propter
624 423 676 468 me
703 399 873 467 incidissel
902 400 1141 488 Tulliolamque

89 535 255 604 nostram,
278 545 318 588 ex
338 543 402 610 quo
420 531 508 610 patre
528 533 631 588 tantas
647 524 825 608 voluptates
846 519 1001 607 capiebat,
1030 505 1072 586 en
1099 523 1140 586 eo

88 659 209 714 tantos
231 646 390 732 percipere
416 646 548 710 luctus!
572 645 663 709 Nam'
682 643 758 730 quid
779 665 839 730 ego
853 641 893 708 de
909 643 1064 708 Cicerone
1088 643 1138 708 di-

89 791 168 836 cam
184 771 195 835 l
220 769 275 855 qui
289 772 362 834 cum
378 768 516 854 primum
531 787 638 855 sapere
649 741 758 852 coepit,
773 765 992 832 aoerbissimos
1019 767 1144 831 dolores

88 889 304 974 miseriasque
319 889 471 978 percepit.
508 889 591 960 Quae
605 889 642 968 si,
659 901 694 952 ut
710 901 745 952 tu
761 887 884 970 scribis,
898 889 966 953 lato
980 889 1064 952 laeta
1075 907 1139 973 pu-

87 1024 210 1092 aurem,
225 1014 338 1078 ferrem
358 1014 466 1098 paullo
479 1013 627 1094 facilim3
651 1013 707 1078 sed
729 1013 836 1076 omnia
859 1022 935 1077 aunt
956 1015 1027 1076 mea
1045 1011 1141 1095 eulpa

88 1135 283 1216 commissa,
309 1135 364 1222 qui
385 1138 425 1200 ab
448 1136 498 1202 his
519 1157 570 1202 me
590 1136 687 1200 amari
712 1137 876 1222 putabam,
890 1135 909 1174 ⁴³
932 1134 988 1222 qui
1014 1133 1138 1200 invide-

89 1261 202 1337 bant3
225 1277 280 1324 eos
295 1279 361 1322 nou
377 1260 540 1344 sequebar,
555 1265 576 1336 'r
592 1257 648 1342 qui
660 1259 823 1344 petebant.
836 1337 839 1344 ⁴
866 1255 962 1326 Quod
977 1257 1004 1321 sl
1020 1233 1136 1357 nostris

89 1379 241 1446 consiliis
266 1379 316 1444 usi
342 1399 493 1458 essemus,
517 1399 620 1464 neque
643 1379 728 1464 apud
750 1399 809 1443 nos
835 1389 961 1444 tantum
987 1379 1137 1443 valuisset

90 1521 205 1566 sermo
225 1506 280 1564 aut
295 1501 467 1564 stultorum
482 1499 669 1578 amicorum,
694 1510 749 1564 aut
765 1499 993 1584 improborum,
1016 1499 1133 1564 beatis-

90 1623 172 1689 simi
189 1621 376 1688 viveremus.

137 1743 254 1824 Nunc,
279 1763 379 1827 quum
399 1763 520 1828 sperare
545 1765 603 1806 nos
628 1740 721 1808 amici
739 1739 868 1828 jubent,
897 1740 979 1806 dabo
1005 1761 1134 1826 operam

92 1888 136 1932 ne
152 1885 228 1932 mea
240 1864 387 1930 valetudo
399 1875 456 1930 tuo
471 1863 570 1930 labori
584 1865 677 1930 desit.
700 1863 763 1928 Res
779 1861 964 1948 quautasit,
978 1863 1135 1948 intelligo,

89 1996 282 2076 quantoque
298 1987 395 2053 luerit
410 1987 534 2052 facilius
550 2009 676 2056 manere
690 1987 788 2068 domi,
803 1991 899 2073 qulam
915 1957 1027 2053 redire.
1071 1985 1135 2052 Sed

93 2111 398 2191 remansimus
423 2111 566 2178 tribunos
592 2109 695 2196 plebis
721 2111 888 2189 habemus,
916 2109 943 2174 si
962 2109 1136 2184 lentulum

93 2245 165 2300 tam
183 2232 362 2300 studiosum
378 2237 474 2322 quim
489 2233 626 2314 videtur,
647 2233 674 2300 si
689 2235 763 2304 vero
778 2232 874 2298 etiam
889 2202 1077 2322 Pompeium
1106 2246 1138 2300 et

90 2359 268 2434 Caesarem,
293 2377 357 2420 non
379 2368 427 2420 est
450 2357 690 2440 desperandum.
734 2357 787 2420 De
805 2364 822 2437 1
839 2358 959 2420 familie
974 2359 1134 2442 quomado

90 2477 254 2568 placuisse
268 2475 377 2540 amicis
393 2476 516 2554 scribis,
534 2477 701 2540 faciemus.
745 2477 797 2540 De
812 2479 884 2540 loco
899 2463 985 2542 nunc
1004 2479 1132 2562 quidem
1240 2471 1243 2477 Δ

86 2603 162 2691 jam
191 2598 268 2664 abiit
293 2597 484 2686 pestilentia,
506 2599 561 2664 sed
581 2597 733 2684 quamdiu
759 2599 832 2674 fuit,
853 2621 906 2664 me
926 2621 992 2664 non
1015 2601 1135 2686 attigit.

90 2724 256 2804 Plancius,
280 2724 378 2790 homo
402 2721 662 2803 officiosissimus,
684 2744 736 2786 me
759 2723 847 2808 cupit
867 2745 935 2788 esse
958 2745 1078 2804 seeum,
1101 2737 1134 2790 et

91 2847 199 2914 adhuc
220 2845 347 2912 retinet.
392 2841 464 2931 Ego
486 2845 631 2910 volebam
653 2846 725 2908 loeo
748 2847 850 2927 maffia
871 2843 996 2910 deserto
1017 2867 1085 2910 esee
1102 2845 1135 2910 in

160 3041 178 3078 ἦ
195 3039 297 3118 Carpit
311 3039 492 3118 Pompeium,
510 3039 708 3105 Hortensium,
718 3039 845 3108 Arrium,
856 3052 885 3100 et
895 3041 967 3100 aliar
975 3071 984 3113 ,·
1000 3041 1049 3119 qui
1062 3063 1130 3102 arao-

104 3165 181 3212 toree
194 3153 222 3212 ei
229 3153 365 3233 fueruat,
380 3164 411 3210 ut
424 3149 536 3218 Clodio,
555 3149 665 3212 tribuno
672 3153 716 3227 pl.
731 3151 852 3220 eederet,
868 3173 902 3211 ae
916 3151 1008 3212 ciuilia
1022 3169 1131 3212 corten·

105 3265 192 3327 tioaia
206 3287 291 3326 caasa
305 3279 385 3326 eeeet.
419 3267 533 3326 Manat.

156 3385 177 3454 †
191 3381 241 3440 De
255 3381 287 3440 L.
298 3381 418 3442 Lucullo
425 3383 574 3460 precipue*
587 3383 639 3442 loe
652 3379 732 3452 alcia,
746 3381 796 3462 qai
808 3355 907 3456 euasit,
923 3396 955 3442 ut
968 3386 1054 3444 armis
1069 3405 1130 3444 cram

107 3490 208 3552 Graan
223 3492 380 3552 decertaret
394 3493 501 3570 patilla,
515 3495 597 3572 psalm
612 3494 774 3554 inexilium
788 3496 843 3554 iret
855 3521 864 3553 .·
884 3495 932 3554 uel
944 3495 978 3554 cle
992 3497 1107 3558 (lasura
1119 3525 1127 3570 5

103 3607 121 3664 al
135 3627 191 3686 que
205 3607 330 3668 delatam
344 3609 516 3688 legationem
530 3610 660 3686 accipere
673 3611 772 3682 noluit.
817 3610 903 3670 idem.

158 3723 239 3796 Mle
257 3725 353 3791 aereis,
377 3743 446 3803 quor
463 3726 565 3800 portel
584 3725 725 3794 liberauit,
749 3727 857 3788 veritae
879 3747 913 3788 nr
934 3747 997 3787 aum
1021 3731 1129 3788 eaeren'r

103 3835 181 3897 boris
193 3839 419 3917 publicarentur.
459 3838 547 3899 idem.
