2750 4510
509 279 717 347 nstrum.
1073 289 1132 364 179

99 463 237 539 peteret,
260 451 375 525 cibaris
396 473 531 537 coquere
540 451 647 538 jussit.
693 453 746 520 Sic
763 452 914 540 juventus
928 455 1073 522 discurrit
1093 457 1133 524 ad

97 575 219 640 eutium
234 574 418 660 petendum.
447 575 619 660 Sumpstre
630 575 714 640 unde
730 576 845 661 cuique
859 576 1038 661 proximum
1049 577 1129 643 fuit:

97 697 278 784 prohibitus
298 719 391 762 nemo
406 709 474 762 est:
497 699 697 784 impigreque
713 721 822 762 omnes
839 701 877 764 ud
897 699 1035 766 edictum
1060 702 1128 766 ‹iic-

96 818 209 882 tetoris
225 821 342 903 praestb
357 821 455 882 fuere.
500 819 577 882 Inde
593 819 771 904 compositu
786 820 923 904 agmine,
939 841 1003 884 non
1025 819 1130 885 itineri

94 937 200 1021 magis
215 951 301 1023 apto,
317 943 412 1024 quim
431 941 550 1023 praelio,
576 941 603 1004 si
625 963 672 1004 res
688 941 731 1006 itn
750 941 885 1020 tulisset,
907 943 1047 1026 legiones
1063 942 1129 1028 ipse

93 1057 243 1136 dictator,
254 1058 401 1142 magister
413 1061 557 1144 equitum
573 1083 647 1126 suos
660 1061 781 1146 equites
792 1061 892 1126 ducit.
918 1061 1022 1126 Medii
1036 1074 1128 1126 nocte

93 1177 130 1242 in
143 1175 295 1262 Algidum
308 1175 496 1262 perveniunt
510 1201 518 1238 r
542 1189 585 1257 et,
598 1189 635 1241 ut
649 1181 772 1242 sensere
788 1201 821 1242 se
831 1177 899 1264 jum
912 1203 1007 1266 prope
1019 1183 1126 1248 hostes

93 1325 178 1382 esse,
194 1303 285 1384 siguo
302 1303 516 1367 constituunt.

143 1423 195 1488 lbi
209 1423 352 1503 dictator,
368 1424 540 1490 exercitum
557 1445 683 1488 omnem
701 1427 797 1510 longo
811 1428 936 1510 agmine
952 1430 1124 1496 circumdat

101 1543 246 1608 bostium
256 1543 386 1608 castris:
403 1555 446 1622 et,
458 1543 513 1607 ubi
524 1543 651 1628 signum
660 1545 768 1608 dutum
777 1545 828 1624 sit,
836 1550 1002 1614 clamorem
1016 1571 1125 1612 omnes

90 1668 204 1732 toliere
221 1664 335 1750 jubet;
358 1667 493 1730 clamore
518 1669 657 1747 sublato,
680 1679 753 1732 ente
777 1691 811 1732 se
827 1689 983 1754 quemque
1007 1671 1121 1736 ducere

90 1790 225 1868 iussum,
238 1787 387 1876 etjacere
399 1791 529 1854 vellum.
559 1790 655 1854 iussa
669 1791 762 1856 miles
777 1793 968 1878 exsequitur.
994 1793 1125 1858 Clamor

92 1912 203 1976 hostes
218 1911 452 1976 circumsonat:
476 1923 608 1996 superat
634 1913 708 1978 inde
730 1925 830 1977 castra
853 1913 1005 1993 hostium,
1030 1925 1062 1976 et
1086 1913 1120 1977 in

86 2045 190 2120 castra
204 2035 344 2098 consulis
364 2034 469 2098 venit:
494 2033 568 2098 aiibi
583 2053 742 2120 pavorem,
758 2035 832 2100 alibi
843 2036 995 2120 gaudium
1008 2037 1121 2122 ingens

86 2157 176 2224 fucit.
221 2156 368 2236 Romani,
383 2156 507 2220 civilem
519 2177 587 2222 csse
602 2159 782 2238 clamorem,
790 2169 883 2243 atque
898 2159 1049 2225 auxilium
1064 2159 1122 2224 ud·

89 2301 174 2360 esse,
200 2281 283 2344 inter
307 2301 340 2342 se
356 2282 562 2364 gratulantem,
589 2283 673 2348 ultro
687 2303 727 2346 ex
752 2281 940 2346 stationibus
955 2303 991 2347 ac
1006 2281 1121 2367 vigiliis

90 2400 238 2466 territent
254 2399 390 2464 hostem.
418 2400 540 2464 Consul
555 2401 760 2468 diii'erendum
776 2414 892 2486 neget:
916 2403 1021 2488 itaque
1035 2425 1121 2468 arma

88 2541 164 2588 suos
178 2541 290 2606 cupere
306 2527 338 2582 et
352 2541 385 2583 se
401 2519 549 2604 subsequi
559 2519 663 2604 jubet.
709 2521 814 2584 Nocte
841 2521 957 2586 initum
973 2523 1117 2606 praelium

88 2653 142 2706 est
156 2644 176 2704 i
191 2641 389 2724 legionibus:
412 2639 557 2703 dictatori
573 2642 709 2704 elamore
724 2641 916 2724 significant,
931 2643 970 2703 ab
988 2645 1026 2704 eb
1037 2661 1118 2725 quo·

86 2786 150 2850 que
166 2775 253 2848 purte
269 2785 334 2828 rem
349 2763 382 2829 iu
398 2761 579 2826 discrimine
600 2784 680 2826 esse.
723 2763 797 2828 Jum
816 2784 850 2826 se
865 2763 904 2826 ud
922 2763 1119 2848 prohibenda

88 2885 276 2952 circumdari
289 2907 384 2972 opera
397 2884 496 2970 AEqui
509 2887 674 2970 parabunt,
687 2907 795 2971 quum,
818 2888 857 2950 ab
873 2885 1021 2952 interiore
1040 2888 1117 2952 bos·

86 3023 120 3076 te
134 3010 246 3098 praeiio
268 3021 387 3096 erupto,
413 3031 454 3074 ne
477 3031 533 3096 per
549 3009 651 3074 media
672 3031 728 3074 suu
748 3019 848 3074 castro
867 3011 956 3076 fieret
981 3012 1116 3098 eruptio,

86 3137 106 3198 i
140 3133 358 3200 munientibus
389 3133 428 3196 ad
457 3144 634 3220 pugnantes
666 3133 836 3198 introrsum
864 3135 955 3216 versi,
985 3158 1137 3202 vacuum.

86 3269 218 3322 noctem
229 3257 317 3344 operi
325 3257 457 3322 dedere:
479 3269 718 3344 pugnatumque
728 3281 806 3324 cum
817 3263 947 3324 consule
961 3261 1001 3324 ad
1012 3264 1115 3325 iucem

80 3393 143 3448 est.
188 3383 274 3446 Luce
300 3381 401 3467 primu
418 3379 486 3466 jam
516 3381 740 3447 circumvallati
767 3387 806 3448 ab
832 3384 984 3450 dictatore
1011 3371 1113 3470 emnt,¹

85 3517 119 3572 et
149 3505 204 3568 vix
234 3505 379 3570 adversus
409 3525 508 3570 unum
541 3504 712 3570 exercitum
742 3529 881 3592 pugnam
907 3509 1116 3580 sustinebant.

83 3629 172 3694 Tum
194 3627 403 3698 nouissimo
417 3629 567 3707 exercitu,
583 3629 637 3714 qui
652 3630 819 3696 confestim
834 3636 854 3696 b
867 3635 1007 3718 perfecto
1019 3657 1114 3724 opere

85 3753 127 3818 ad
155 3773 242 3818 mma
275 3752 377 3837 rediit,
413 3751 568 3818 invaditur
596 3755 723 3818 vallum.
770 3755 836 3820 Hic
866 3756 1003 3826 instabat
1031 3785 1115 3830 nove

85 3893 216 3969 pugnus
240 3870 319 3936 nihil
330 3869 492 3936 remiscmt
504 3867 601 3956 prior.
629 3868 713 3936 Tum
725 3869 853 3957 atreipiti
868 3877 952 3944 malo
967 3891 1109 3966 urgente,

556 3987 653 4056 Ant
