2804 4524
256 289 297 354 dl
603 271 657 345 En
678 277 729 344 M.
749 272 916 346 Tubulo

252 453 461 546 philosophie
481 456 587 519 fontes
606 451 793 540 aperiemus,
817 454 835 515 e
859 449 974 536 quibus
988 445 1083 514 etiam
1103 447 1157 514 illa
1170 465 1287 516 mana·

254 581 344 646 bant.

298 699 373 782 Sed,
389 711 425 766 ut
447 697 648 776 Aristoteles,
670 695 716 760 vir
729 712 855 762 summo
870 694 1010 779 ingenio,
1026 693 1166 760 scientias
1181 693 1290 779 coph,

257 827 329 890 cbm
343 833 449 888 motus
464 832 548 886 esset
560 818 707 884 Isocratis
723 818 855 883 rhetoris
870 818 981 902 gloria,
995 817 1098 884 dicere
1110 817 1205 882 etiam
1216 838 1294 882 eoe*

254 951 313 1036 pit,
340 949 553 1014 adolescentes
582 947 706 1024 docere,
736 955 768 1008 et
788 941 988 1030 pmdentiam
1009 963 1083 1036 cum
1105 941 1291 1026 eloquent'ffi

252 1067 406 1154 jungere3
428 1066 475 1132 sie
498 1065 588 1130 nobis
610 1068 714 1152 placet
729 1087 786 1129 nec
804 1063 972 1148 pristinum
998 1059 1291 1128 dicendi'studium

255 1190 423 1276 deponere,
437 1199 470 1254 et
484 1189 517 1252 in
533 1189 592 1252 hle
608 1184 724 1272 majore
739 1196 771 1250 et
784 1185 926 1250 uberiore
941 1195 1006 1252 arte
1020 1185 1144 1254 versari.
1189 1185 1292 1252 Hanc

256 1311 343 1378 enim
368 1313 540 1398 perfectam
562 1309 791 1396 philosophiam
822 1331 944 1394 semper
966 1306 1119 1394 judicavi,
1144 1331 1217 1394 qum
1245 1310 1290 1374 dc

258 1434 401 1502 maximis
426 1433 655 1520 questionibus
680 1431 805 1518 copiose
831 1441 949 1517 posset,
980 1437 1150 1516 ornateque
1174 1431 1292 1497 dicere.

258 1553 298 1620 ln
312 1575 406 1642 quam
421 1551 676 1618 exercitationem
691 1550 736 1616 ita
750 1573 807 1616 nos
823 1551 963 1618 studiose
987 1571 1113 1635 operam
1131 1550 1293 1632 dedimus,

257 1681 294 1736 ut
303 1671 371 1760 jam
384 1671 478 1738 etiam
493 1673 626 1751 scholas,
640 1671 824 1736 Graecorum
837 1692 935 1751 more,
944 1672 1059 1736 babere
1080 1673 1287 1740 auderemus:

257 1807 294 1860 ut
308 1817 409 1880 nuper
422 1805 514 1858 tuum
527 1805 599 1878 post
613 1793 801 1872 discessum,
817 1793 850 1858 in
864 1793 1060 1874 Tusculano,
1085 1798 1158 1860 eum
1176 1813 1290 1864 essent

259 1919 436 2001 complures
457 1936 582 1979 mecum
596 1913 774 1994 familiares,
794 1915 924 1996 tentavi,
948 1916 1025 2002 quid
1051 1917 1086 1982 in
1109 1939 1148 1982 eo
1171 1941 1290 2004 genere

259 2059 396 2123 possem.
443 2037 486 2100 Ut
500 2035 585 2102 enim
600 2045 691 2100 antea
705 2035 944 2102 declamitabam
959 2057 1080 2118 causas,
1092 2036 1181 2125 'quod
1194 2061 1294 2110 nemo

261 2177 313 2222 rne
328 2157 446 2244 diutius
461 2157 548 2238 secit,
570 2156 616 2222 sic
638 2157 708 2222 baec
722 2156 800 2222 mibi
815 2179 901 2222 nuuc
912 2158 1019 2223 senilis
1029 2169 1076 2226 est
1090 2161 1291 2230 declamatio.

261 2279 381 2345 Ponere
390 2277 553 2366 jubebam,
563 2279 602 2344 de
617 2301 680 2364 quo
695 2279 765 2366 quis
779 2279 885 2344 audire
899 2283 1003 2362 vellet,
1016 2291 1048 2346 et
1063 2281 1094 2348 id
1107 2295 1161 2348 aut
1175 2285 1292 2351 sedens

245 2413 314 2484 ‚aut
327 2403 490 2490 ambulans
505 2401 716 2488 disputabam.
758 2401 871 2488 Itaque
884 2403 1006 2468 dierum
1029 2405 1168 2492 quinque
1191 2407 1290 2472 scho-

248 2520 316 2606 lae,
331 2535 367 2588 ut
383 2523 487 2588 Graeci
501 2525 671 2612 appellant,
693 2523 726 2588 in
742 2523 875 2588 totidem
889 2525 984 2588 libros
999 2529 1130 2592 contuli.
1174 2529 1287 2596 Flebat
1393 2539 1394 2590 ἶ

263 2659 368 2714 autem
384 2647 441 2728 ita,
456 2657 505 2728 ut,
521 2650 594 2711 cbm
611 2646 648 2728 is,
663 2647 718 2746 qui
734 2647 841 2713 audire
857 2649 962 2729 vellet,
978 2648 1109 2714 dixisset
1132 2651 1207 2740 quid
1229 2652 1294 2720 sibi

262 2771 429 2852 rideretur,
442 2781 510 2836 tum
526 2793 585 2856 ego
601 2771 875 2836 contradicerem.
899 2773 981 2836 Haee
996 2783 1043 2838 est
1056 2772 1152 2854 enim,
1167 2786 1203 2839 ut
1218 2775 1294 2856 scis,

264 2905 355 2958 vetus
377 2903 409 2957 et
425 2894 585 2958 Socratica
607 2893 687 2958 ratio
702 2905 811 2958 contra
832 2893 957 2958 alterius
973 2895 1155 2978 opinionem
1177 2898 1295 2964 disser-

264 3010 349 3074 endi.
394 3009 478 3075 Nam
502 3012 546 3078 ita
560 3012 720 3090 facillime,
740 3011 826 3098 quod
847 3011 1108 3082 verisimillimum
1123 3028 1215 3099 esset,
1237 3018 1292 3084 in·
1393 2989 1394 2994 η

265 3131 361 3199 veniri
375 3153 466 3218 posse
481 3136 625 3200 Socrates
640 3133 858 3200 arbitrabatur.
