2804 4524
253 275 296 335 60
609 271 662 336 Eo
683 269 733 336 M.
755 271 920 340 'rutulo

253 461 288 510 es
303 439 405 520 nobis,
420 442 513 522 Luci,
527 443 643 528 inquit,
658 467 697 508 an
718 443 813 508 etiam
836 447 890 510 tud
904 457 1017 528 sponte
1032 445 1203 529 propensus
1218 443 1277 506 esl

252 561 332 630 mihi
353 563 480 647 quidem
503 565 710 649 Antiochum,
731 587 826 650 quem
849 565 949 646 audis,
964 566 1039 630 sutis
1059 567 1143 632 belle
1163 564 1279 630 videris

252 686 422 751 attendere.
465 685 549 750 Tum
572 687 624 750 illc
643 688 764 768 timide,
780 692 828 752 vel
848 690 954 774 potius
969 689 1155 768 verecunde,
1170 687 1280 768 Facio,

251 807 365 894 inquit,
381 808 525 892 equidem
534 833 544 887 3
567 809 621 878 sed
637 809 791 874 audistine
806 811 900 876 modo
920 809 958 874 de
974 809 1152 875 Carneade?
1176 809 1283 894 rapior

253 917 341 994 illue.
385 928 524 999 Revocat
539 939 645 1006 auum
660 929 858 994 Antiochus:
882 953 941 995 nec
949 943 998 996 est
1011 941 1173 1017 praeterea,
1183 953 1281 1016 quem

253 1047 429 1120 audiuntne.

296 1170 381 1236 Tum
411 1171 495 1252 Piso,
516 1172 586 1237 Etsi
616 1175 686 1252 hoc,
708 1173 823 1260 inquit,
845 1175 977 1238 fortasse
1005 1195 1069 1236 non
1097 1174 1213 1259 poterit
1235 1173 1283 1240 sic

254 1294 351 1374 abire,
366 1297 438 1358 cunr
452 1295 504 1358 hic
527 1296 607 1360 adsit
625 1301 688 1382 (me
708 1307 815 1360 autem
835 1296 969 1376 dicebat)
989 1307 1094 1360 tamen
1109 1296 1232 1362 audebo
1246 1307 1280 1360 te

253 1417 293 1481 ab
308 1417 369 1482 hte
384 1417 552 1482 Academid
575 1425 657 1482 novt
679 1419 718 1484 ad
741 1431 876 1484 veterem
898 1419 984 1482 illam
1006 1440 1135 1482 vocarer
1159 1419 1281 1504 inqut,

253 1547 291 1604 ut
304 1539 407 1604 dicere
419 1537 615 1606 Antiochum
632 1541 790 1620 audiebas,
807 1563 869 1606 non
884 1541 906 1604 ii
921 1540 980 1604 soli
996 1550 1209 1620 numerantur,
1225 1539 1281 1628 qui

189 1669 196 1713 ἲ
252 1661 435 1727 Academici
467 1673 631 1740 vocantur,
667 1661 873 1746 Speusippus,
902 1663 1107 1742 Xenocrates,
1139 1663 1282 1744 Polemo,

253 1786 399 1866 Crantor,
411 1785 594 1868 caeterique3
610 1783 769 1848 sedetiam
789 1783 988 1866 Peripatetici
1003 1794 1132 1864 veteres,
1144 1807 1282 1870 quorum

252 1905 400 1993 princeps
428 1905 625 1984 Aristoteles,
647 1927 755 1992 quem,
778 1915 910 1992 excepto
940 1906 1081 1986 Platone,
1103 1907 1187 1972 haud
1214 1907 1285 1974 seio

254 2047 296 2092 au
310 2031 395 2092 recte
419 2025 550 2090 dixerim
574 2026 747 2114 principem
770 2026 1040 2113 philosophorum.
1084 2030 1135 2094 Ad
1149 2051 1203 2095 eos
1213 2013 1284 2114 igi„

254 2157 308 2226 lup
330 2157 477 2222 converte
502 2157 543 2227 tc,
567 2169 695 2234 quaeso3
718 2171 758 2212 ex
771 2171 880 2213 eorum
904 2149 988 2214 enim
1003 2151 1126 2236 scriptis
1146 2161 1178 2216 et
1190 2151 1286 2216 iusti-

253 2269 334 2336 tutis
356 2271 429 2334 curn
451 2269 555 2334 omnis
577 2270 721 2335 doctrina
741 2271 887 2352 liberalis,
902 2272 1005 2337 omnis
1019 2273 1160 2354 historia,
1175 2273 1282 2340 omnis

255 2414 359 2460 sermo
373 2396 499 2478 elegans
514 2394 597 2456 sumi
620 2403 738 2480 potest,
753 2404 820 2458 tum
834 2395 966 2460 varietas
991 2408 1038 2461 est
1052 2407 1138 2462 tanta
1153 2396 1283 2479 artium,

247 2525 293 2598 ;ut
308 2539 401 2582 nemo
416 2516 482 2580 sinn
497 2537 535 2580 eo
549 2517 759 2582 instrumento
770 2518 809 2582 ad
823 2521 920 2582 ullam
932 2541 998 2583 rem
1011 2519 1212 2586 illustriorem
1227 2541 1282 2586 sae

256 2640 298 2706 tis
312 2651 441 2706 ornatus
456 2639 557 2726 possit
571 2639 727 2705 accedere.
772 2641 822 2704 Ab
837 2641 886 2709 his
901 2649 1048 2722 oratores,
1064 2645 1102 2706 ab
1116 2643 1165 2706 his
1178 2643 1281 2728 impe-.

256 2771 384 2840 ratores,
408 2781 568 2825 aeterum
590 2761 787 2846 publicarum
810 2761 969 2849 principes
991 2763 1189 2827 exstiterunt.
1233 2762 1283 2827 Ut

257 2881 297 2944 ad
324 2879 446 2944 minora
474 2879 609 2961 veniam,
632 2881 855 2956 mathematici,
877 2891 993 2966 poetar,
1022 2881 1145 2963 musici,
1167 2879 1283 2958 medici

256 2999 392 3084 denique
406 3021 445 3064 ex
458 3001 528 3085 hle,
542 3013 692 3088 tanquam
715 3025 754 3066 ex
768 3001 912 3080 omniurn
927 3003 1040 3078 artium
1055 3004 1190 3085 officim,
1205 3023 1281 3090 pree

258 3120 430 3204 lectisunt
