2718 4480
225 233 290 332 sou
580 223 707 292 mn.
731 223 925 305 vnuunro

227 399 355 486 habere,
372 395 456 486 quod
479 396 605 464 liaberet
623 396 780 484 justitiam
792 421 803 478 ς
833 395 982 474 omnibus
1005 396 1155 464 humanis
1179 394 1268 464 vitiis

221 525 390 604 immunis,
406 543 529 608 semper
542 524 701 588 fortunam
717 521 749 586 in
775 526 832 586 sut
853 530 1009 608 potestate
1025 519 1150 596 habuit.
1173 565 1177 572 -
1195 519 1269 592 Hic

212 648 302 722 trib.
319 649 406 734 pleb.
429 645 625 732 designatus,
646 645 750 716 adhuc
775 643 944 708 admodum
966 643 1163 724 adolescens,
1185 645 1267 712 edm

227 773 282 840 alii
297 771 475 849 suaderent,
490 779 525 834 ut
537 790 592 856 per
599 767 778 880 'municipia
788 769 945 834 Lentulus
958 765 1178 854 coniuratique
1185 787 1268 832 cus-
1299 743 1309 764 ’

227 895 415 996 todirentur,
444 896 526 978 peni
555 892 638 958 inter
668 891 795 956 ultimos
823 891 1033 976 interrogatus
1055 889 1266 970 sententiam,

228 1019 316 1087 tanta
331 1014 362 1078 vi
376 1013 473 1078 animi
488 1022 582 1100 atque
596 1011 717 1096 ingenii
732 1011 876 1082 invectus
888 1022 936 1078 est
948 1013 981 1076 in
994 1009 1269 1098 conjurationem,

228 1161 266 1228 co
282 1138 390 1203 ardore
405 1137 468 1201 oris
492 1135 666 1200 orationem
692 1135 847 1214 omnium,
862 1135 1025 1204 lenitatem
1049 1133 1270 1216 suadentium,
1354 1199 1356 1226 1

229 1259 378 1334 societate
391 1257 514 1322 oonsilii
527 1267 708 1342 suspectum
721 1257 808 1338 fecit,
822 1256 868 1320 sic
883 1255 1101 1340 impendentia
1113 1275 1152 1322 ex
1161 1253 1271 1320 ruinis
1353 1229 1356 1314 i

205 1459 211 1470 .
226 1382 443 1468 incendiisque
460 1379 546 1447 urbis
560 1389 593 1444 et
607 1379 864 1458 commutatione¹
873 1383 974 1449 status
988 1377 1109 1476 publici
1120 1377 1272 1470 'pericula
1356 1339 1357 1376 ³

226 1502 385 1589 exposuit,
407 1501 451 1565 ita
472 1476 612 1566 consulis
634 1499 783 1568 virtutem
806 1499 1019 1584 amplificavit,
1035 1509 1072 1562 ut
1093 1498 1267 1564 universus

228 1637 355 1692 senatus
371 1625 404 1690 in
418 1623 486 1712 ejus·
501 1622 692 1714 sententiam
710 1621 1267 1714 transiret,‘animadvertendumquc

233 1749 267 1818 in
282 1769 350 1832 eos,
367 1769 447 1834 quos
460 1746 675 1834 prediximus,
690 1757 857 1830 censeret,
878 1741 1040 1832 majorque
1054 1768 1126 1832 pars
1148 1745 1272 1812 ordirlis

232 1870 300 1960 ejus
327 1869 482 1934 Catonem
506 1879 772 1954 prosequerentur
796 1867 936 1962 domum.
980 1868 1025 1942 At
1045 1867 1184 1940 Catilina
1201 1891 1270 1938 non

232 1989 362 2076 segnius
378 1999 491 2058 conata
505 1989 595 2070 obiit,
611 1993 707 2078 quim
732 1989 858 2066 sceleris
881 1989 1018 2054 conandi
1039 1989 1173 2056 consilia
1186 1989 1272 2056 inre
1357 2043 1358 2048 1

228 2125 298 2190 rat:
321 2113 438 2204 quippe
461 2114 632 2180 fortissime
654 2113 821 2216 Motus,
835 2135 930 2208 quem
946 2113 1093 2202 spiritum
1108 2113 1268 2210 supplicio

235 2231 400 2318 debuerat,
411 2237 522 2332 praelio
535 2235 682 2309 reddidit.

621 2449 657 2518 C.
682 2447 849 2522 cAEsAR.

279 2623 416 2700 &cuttu
430 2623 544 2690 deinde
558 2633 608 2690 est
622 2625 803 2696 consulatus
819 2622 856 2692 C.
873 2623 1028 2696 Coesarlsr
1049 2623 1108 2712 qui
1118 2627 1271 2705 scribenti

238 2769 368 2821 manum
385 2745 498 2834 injicit,
513 2758 546 2814 et
559 2746 733 2834 quamlibet
756 2747 962 2814 festinantem
986 2748 1020 2814 in
1035 2769 1072 2812 se
1086 2749 1204 2818 morari
1217 2773 1272 2818 co·

237 2872 297 2960 git.
341 2871 407 2942 Hic
426 2870 636 2958 (nobilissimt
648 2869 810 2940 Juliorunr
824 2870 951 2956 genitus
973 2871 1107 2954 familit,
1121 2885 1167 2956 et,
1188 2877 1274 2964 quod

207 2969 212 2978 ¹
239 2995 323 3060 inter
333 3015 444 3063 omnes
456 2993 692 3079 antiquissimos
703 2996 881 3074 constabat,
893 2995 933 3058 ab
949 2995 1090 3062 Anchise
1101 3017 1140 3064 ae
1152 2997 1274 3072 Venere

240 3115 398 3190 deducens
412 3115 528 3204 genus)
553 3118 657 3186 lormt
676 3115 821 3186 omnium
845 3116 964 3197 civium
979 3120 1275 3204 excellentissimus,

239 3241 348 3326 vigore
368 3239 464 3308 animi
490 3238 669 3324 acerrimus,
684 3239 911 3308 munificentia
934 3240 1156 3324 effusissimus,
1172 3243 1277 3313 anino

241 3387 336 3451 super
349 3363 521 3432 humanam
537 3373 570 3430 et
583 3373 727 3430 naturam
742 3371 775 3428 et
797 3363 892 3428 fidem
908 3375 1036 3430 erectus
1045 3388 1057 3446 ς
1081 3368 1275 3452 magnitudi.

240 3501 282 3548 ne
297 3482 538 3568 cogitationum,
553 3481 713 3546 celeritate
724 3481 875 3562 bellandi,
887 3481 1040 3568 patientit
1051 3485 1277 3568 periculorum,

245 3602 367 3688 Magno
381 3603 429 3670 illi
444 3603 636 3684 Alexandro,
651 3601 707 3667 sed
727 3602 834 3668 sobrio
848 3625 952 3690 neque
974 3604 1140 3688 iracundo,
1156 3609 1279 3674 similll,

245 3745 337 3806 mus;
360 3725 414 3818 qui
428 3726 565 3812 denique
580 3747 705 3810 semper
718 3735 751 3792 et
772 3747 884 3806 somno
899 3739 931 3793 ct
954 3727 1027 3796 cibo
1041 3729 1075 3802 in
1091 3729 1203 3816 vitam,
1218 3753 1280 3804 non

245 3849 279 3914 in
295 3851 504 3934 voluptatem,
520 3851 679 3920 utebatur.
