2750 4510
250 267 315 329 11⁸
617 253 673 322 ne
694 252 745 322 Μ.
765 253 933 322 TULUO

234 427 396 498 memoria
404 424 1273 520 pbilosophorum,bscunuduesudbestqoescci-

230 575 306 641 pere
320 553 445 620 conlido
455 577 472 632 l.
490 564 597 620 umen
613 551 790 620 conducere
806 551 951 632 arbitror,
963 549 1082 620 cuibus
1092 571 1186 618 aures
1198 560 1270 621 tun

235 675 367 744 uocibus
380 675 520 764 undique
532 673 776 756 circumsonare,
790 693 848 740 nee
858 695 923 762 eps,
932 672 961 738 si
971 671 1039 740 fieri
1051 672 1166 760 possit,
1178 673 1275 760 qum·

236 819 333 888 quam
349 799 433 866 aliud
449 797 567 863 audire.

278 921 375 996 Quod
389 924 463 988 oum
478 921 628 989 omuibus
643 929 692 986 est
714 918 910 1000 laciendum,
923 918 980 1004 qui
995 917 1093 984 sitam
1107 917 1278 988 honestam

237 1046 359 1135 ingredi
373 1045 528 1132 cogitant,
544 1055 613 1112 tum
635 1043 722 1112 trud
746 1043 824 1124 seio,
839 1064 881 1108 aa
906 1042 1025 1109 nemini
1050 1041 1170 1132 potius,
1183 1045 1285 1132 quin

238 1169 309 1238 tibi.
341 1168 488 1236 Sustiues
502 1167 589 1234 enim
605 1189 671 1234 non
685 1185 812 1256 paruam
827 1165 1100 1254 exspectationem
1116 1167 1283 1236 munda

238 1291 402 1364 incusum
423 1301 552 1374 uosbae,
576 1311 725 1376 maguum
748 1291 916 1372 bonorum,
934 1291 1123 1358 nonnullam
1143 1291 1278 1358 romae

238 1415 388 1484 nominis.
432 1413 612 1504 Suscepisti
627 1435 709 1482 onus
733 1425 887 1509 prsetmea
909 1433 1003 1500 grave
1018 1424 1051 1480 et
1064 1413 1280 1496 athenarum,

243 1551 276 1608 ct
291 1539 453 1628 Cratippi:
477 1541 517 1608 ad
543 1563 626 1630 quos
650 1543 724 1606 cum
750 1550 902 1626 tanquam
925 1539 964 1606 sd
988 1548 1196 1604 mercaturam
1219 1539 1284 1604 bo·
1366 1599 1367 1602 ,

238 1685 351 1730 uarum
367 1662 482 1730 artium
494 1661 537 1726 sis
546 1661 720 1748 proiectus,
730 1660 858 1726 inanem
870 1657 970 1724 redire
983 1659 1205 1746 turpissimum
1215 1669 1278 1740 eet.

195 1807 198 1814 ’
236 1785 481 1856 dedecorantem
496 1794 528 1850 et
553 1783 641 1850 urbis
664 1784 886 1854 auctoritatem
908 1791 941 1850 et
956 1781 1113 1868 magistri.
1156 1781 1283 1866 Quare,

239 1917 396 1994 quantum
411 1904 533 1972 conniti
549 1905 656 1972 animo
667 1916 770 1994 petes,
783 1913 940 1992 quantum
955 1907 1061 1972 labore
1074 1906 1281 1988 contendere,

241 2025 282 2112 (pi
295 2023 438 2092 discendi
452 2027 542 2090 labor
565 2037 615 2094 est
637 2026 756 2116 posim,
780 2029 875 2112 quim
898 2025 1069 2114 voluptas)
1088 2035 1214 2092 tantum
1228 2025 1281 2092 fac

243 2153 280 2210 ut
294 2143 432 2226 efficies3
456 2165 536 2212 nere
565 2147 758 2228 committas,
774 2158 823 2228 ut,
849 2150 924 2216 cum
947 2146 1055 2216 omnia
1080 2145 1287 2238 suppetium

1366 2085 1367 2126 l

237 2263 302 2334 rint
316 2269 335 2332 ὲ
351 2265 457 2348 uobis,
473 2275 541 2332 tute
558 2266 617 2332 ribi
632 2267 771 2334 defuisse
786 2267 923 2335 videare.

1366 2461 1367 2512 l

485 2547 1049 2606 -—-q*-—-

465 2743 523 2856 Eu
553 2741 635 2818 Lib.
653 2739 731 2818 111.
759 2741 819 2818 De
847 2739 1045 2818 Oarrcns.

243 2969 407 3092 Cmus
438 3019 570 3101 Canius,
590 3037 689 3106 eques
724 3017 904 3100 Romanus,
935 3015 1035 3084 homo
1068 3035 1128 3084 nec
1160 3014 1283 3086 inlace-

238 3149 306 3220 tns,
328 3145 361 3202 et
385 3137 461 3204 satis
484 3139 641 3221 literatus,
665 3141 739 3206 cum
769 3161 805 3206 se
827 3141 1009 3228 Syracusas,
1031 3139 1152 3209 otundi
1174 3147 1283 3222 morl,
1366 3165 1367 3168 ’

241 3283 308 3332 eon
323 3261 519 3350 negotiandi,
532 3272 567 3328 ut
579 3261 646 3350 ipse
657 3261 765 3330 dicere
777 3265 912 3346 solebat,
924 3263 1135 3345 contulisset,
1156 3261 1286 3330 dictita·

239 3388 305 3468 bnt,
320 3408 354 3452 ae
371 3387 517 3454 hortulos
540 3385 666 3474 aliquos'
687 3388 770 3454 velle
793 3409 910 3470 emere,
925 3389 989 3476 qub
1003 3387 1135 3456 inuitare
1150 3385 1285 3468 amicos,
1366 3427 1367 3460 2

238 3519 272 3578 et
286 3509 342 3576 ubi
353 3533 388 3576 se
401 3512 560 3578 oblectare
573 3508 642 3576 sine
654 3509 942 3600 interpellatoribus
955 3520 1074 3598 posset.
1096 3509 1194 3582 Quod
1205 3511 1292 3578 eum.
1366 3495 1367 3578 ἶ

239 3633 483 3720 percrebuisset,
498 3633 632 3721 Pythius
647 3633 677 3700 ei
700 3634 843 3724 quidam,
867 3631 1145 3722 quingentarum
1158 3635 1282 3702 bceret

238 3756 415 3844 Syracusis,
429 3757 510 3826 dixit
524 3757 650 3824 venales
672 3757 802 3846 quidem
817 3781 851 3826 se
876 3759 987 3828 hortos
999 3779 1065 3826 non
1079 3757 1208 3840 habere,
1223 3757 1282 3822 sed
1366 3719 1367 3774 ¹

240 3881 334 3948 licere
349 3879 397 3966 pti
413 3881 527 3965 Canio,
542 3881 569 3948 si
584 3882 691 3968 vellet,
706 3892 743 3950 ut
755 3881 841 3950 suis:
863 3893 897 3950 et
909 3881 1004 3952 simul
1018 3881 1058 3950 ad
1071 3901 1201 3950 ooensur
1215 3881 1284 3946 ho·
