2750 4510
494 275 548 344 Ex
569 275 702 347 Livio.
1051 295 1107 358 ltl

73 439 202 526 uitatis,
224 440 421 516 criminando
444 449 522 516 ulios
551 453 634 538 apud
656 457 823 540 populum,
845 455 922 524 alios
944 463 1002 526 sui
1025 459 1111 549 ipsos

75 565 203 633 invidit
217 579 414 656 opportunos
437 571 607 640 interemit.
652 575 750 642 Multi
771 581 896 665 patam3
920 575 1059 668 quidam,
1074 583 1109 651 in

74 688 198 776 quibus
213 691 320 758 minus
336 694 477 779 specioso
500 697 677 764 criminatio
692 709 757 766 erat
781 703 897 784 futura,
913 705 994 770 ciam
1010 707 1109 776 inter·

79 815 180 880 fecti.¹
215 811 323 880 Patuit
339 817 527 902 quibusdam
550 823 728 888 uolentibus
752 826 837 907 iuga,
854 837 909 890 aur.
933 828 1111 896 inexilium

76 933 142 999 acti
159 945 246 1014 sunt,
262 937 502 1024 absentiumque
517 943 602 1006 bona
620 941 713 1027 juxta
736 956 830 1030 utque
846 947 1108 1036 interemptorum

78 1057 182 1124 divisa
195 1060 292 1124 ruore.
335 1059 529 1146 largitionis
551 1063 627 1130 inde
648 1069 827 1154 praedoeqne
852 1081 884 1133 et
905 1073 1016 1156 privati
1038 1074 1111 1139 dui-

79 1181 195 1246 codine
208 1183 379 1264 commodi,
396 1207 508 1250 sensus
531 1191 686 1253 mulorum
710 1193 912 1276 publicorum
928 1197 1036 1277 adimi,
1052 1195 1110 1260 do-

77 1323 137 1367 nec
152 1303 229 1367 orba
243 1304 377 1368 consido
391 1305 573 1392 auxilioque
588 1309 713 1374 Gabina
726 1333 786 1391 res,
802 1315 868 1398 regi
881 1315 1025 1382 Romano
1037 1318 1105 1384 sine

81 1431 147 1494 ullu
164 1425 366 1491 dimicatione
381 1427 414 1491 iu
431 1451 561 1493 manum
578 1431 721 1496 traditur.

409 1775 759 1818 *ψ-
839 1799 850 1830 4

82 2046 264 2116 Lucunrrn
277 2071 334 2134 per
354 2051 415 2116 nim
437 2061 590 2136 stuprata,
615 2051 694 2118 unde
716 2051 909 2127 Tusoururr
929 2045 1045 2130 Itomd'
1059 2081 1113 2124 eu·

358 2175 449 2260 pulsi.
486 2175 558 2240 Lib.
574 2175 622 2294 1.'¹
643 2175 832 2338 01024ὅὶ

85 2337 314 2456 ARDEAM
340 2379 454 2447 Rutuli
480 2383 651 2464 habebunt,
678 2405 770 2469 gens,
797 2383 890 2452 utin
917 2393 955 2454 eu
981 2391 1113 2475 regione

80 2513 176 2589 atque
190 2505 225 2570 in
245 2510 282 2570 et
297 2515 401 2588 utute,
417 2479 534 2572 diuitiis
557 2511 757 2596 praepollens.
801 2511 912 2598 anue
936 2514 1114 2599 ipsa'cuusa

79 2627 156 2693 belii
169 2629 242 2709 init,
268 2629 352 2714 qubd
376 2651 433 2711 reu
459 2631 623 2696 Romanus
646 2643 715 2696 tum
740 2633 807 2719 ipse
822 2635 924 2715 ditari,
940 2637 1112 2703 exhaustus

82 2749 323 2834 magnificentit
337 2739 539 2837 publicorum
551 2775 694 2838 operum,
708 2767 775 2820 turn
789 2755 895 2840 praeda
911 2757 1041 2822 deiinire
1055 2783 1113 2845 po-

78 2859 243 2959 pularium
257 2873 380 2938 animos
395 2876 555 2940 studebat.
598 2874 734 2940 Tentata
748 2897 798 2940 res
813 2887 874 2958 est,
889 2877 915 2940 si
929 2877 1034 2964 primo
1049 2880 1111 2944 inr-

79 3005 160 3082 petu
176 2995 246 3082 capi
260 2995 364 3062 Ardea
379 2998 489 3083 possit.
513 2997 579 3061 Ubi
594 2997 626 3062 id
640 3001 750 3083 parum
765 2999 931 3096 processit,
946 2999 1112 3068 obsidione

78 3113 377 3198 munitionibusque
401 3113 500 3199 coepti
524 3113 626 3200 premi
648 3114 767 3178 hostes.
811 3115 850 3180 ln
873 3115 911 3180 iis
927 3115 1113 3200 stativisssut

75 3237 113 3300 fit
128 3237 229 3320 longo
251 3235 352 3321 magis
366 3239 463 3320 quim
487 3234 670 3316 attribuito,
695 3235 772 3299 sutis
799 3235 892 3300 liberi
916 3247 1113 3300 eomnruutns

77 3370 189 3424 erant:
212 3359 404 3444 primoribus
420 3368 526 3424 tamen
541 3360 655 3444 tnagis,
669 3363 766 3444 quim
783 3360 953 3424 militibus.

106 3482 224 3568 ¹Regii
245 3482 376 3568 quidem
389 3480 524 3568 juvenes
547 3481 706 3546 interdum
731 3482 832 3546 utirrm
858 3481 1009 3546 conviviis
1028 3491 1119 3548 uoru-

77 3605 359 3692 essationibusque
380 3605 462 3670 iuter
485 3627 518 3670 se
538 3607 694 3670 terebant.
738 3606 831 3670 Furti
854 3569 1040 3691 potuirtibus
1067 3606 1117 3672 his

78 3729 167 3816 apud
191 3730 327 3794 Sextum
362 3727 583 3814 Tarquinium,
615 3727 728 3792 abiet
767 3725 945 3794 Conuiuas
970 3733 1119 3797 coenabat

78 3841 290 3934 Tarquinius,
320 3847 427 3934 Egerii
453 3845 549 3928 tilius,
580 3844 693 3910 incidit
722 3846 760 3910 de
794 3845 945 3914 uxoribus
972 3846 1115 3920 mentior

587 3967 618 4032 Y
