<?xml version="1.0" encoding="UTF-8"?>
<!DOCTYPE html PUBLIC "-//W3C//DTD XHTML 1.0 Transitional//EN"
    "http://www.w3.org/TR/xhtml1/DTD/xhtml1-transitional.dtd">
<html xmlns="http://www.w3.org/1999/xhtml" xml:lang="en" lang="en">
 <head>
  <title>
</title>
<meta http-equiv="Content-Type" content="text/html;charset=utf-8" />
  <meta name='ocr-system' content='tesseract 3.04.00' />
  <meta name='ocr-capabilities' content='ocr_page ocr_carea ocr_par ocr_line ocrx_word'/>
</head>
<body>
  <div class='ocr_page' id='page_1' title='image "./scriptoresroman01unkngoog_0320.png"; bbox 0 0 2724 4494; ppageno 0'>
   <div class='ocr_carea' id='block_1_1' title="bbox 430 225 1164 332">
    <p class='ocr_par' dir='ltr' id='par_1_1' title="bbox 430 225 1164 332">
     <span class='ocr_line' id='line_1_1' title="bbox 430 225 1164 332; baseline 0.001 -30"><span class='ocrx_word' id='word_1_1' title='bbox 430 228 738 309; x_wconf 63' lang='lat' dir='ltr'>¹Pstttttcunu</span> <span class='ocrx_word' id='word_1_2' title='bbox 785 225 787 230; x_wconf 83' lang='grc'><strong>’</strong></span> <span class='ocrx_word' id='word_1_3' title='bbox 1053 239 1114 304; x_wconf 84' lang='lat' dir='ltr'>arr</span> <span class='ocrx_word' id='word_1_4' title='bbox 1159 317 1164 332; x_wconf 29' lang='grc' dir='ltr'>Ι</span> 
     </span>
    </p>
   </div>
   <div class='ocr_carea' id='block_1_2' title="bbox 86 406 1117 742">
    <p class='ocr_par' dir='ltr' id='par_1_2' title="bbox 86 406 1117 742">
     <span class='ocr_line' id='line_1_2' title="bbox 88 406 1117 480; baseline -0.005 -4"><span class='ocrx_word' id='word_1_5' title='bbox 88 431 164 476; x_wconf 85' lang='lat' dir='ltr'>nam</span> <span class='ocrx_word' id='word_1_6' title='bbox 175 409 258 474; x_wconf 78' lang='lat' dir='ltr'>&#39;atter</span> <span class='ocrx_word' id='word_1_7' title='bbox 273 418 426 476; x_wconf 83' lang='lat' dir='ltr'>terrarum</span> <span class='ocrx_word' id='word_1_8' title='bbox 442 410 526 474; x_wconf 89' lang='lat' dir='ltr'>orbis</span> <span class='ocrx_word' id='word_1_9' title='bbox 548 409 747 476; x_wconf 71' lang='lat' dir='ltr'>dimicavere.</span> <span class='ocrx_word' id='word_1_10' title='bbox 786 406 852 474; x_wconf 88' lang='lat' dir='ltr'>Ubi</span> <span class='ocrx_word' id='word_1_11' title='bbox 875 407 991 474; x_wconf 88' lang='lat' dir='ltr'>initum</span> <span class='ocrx_word' id='word_1_12' title='bbox 1015 421 1117 480; x_wconf 72' lang='lat' dir='ltr'>cerm-</span> 
     </span>
     <span class='ocr_line' id='line_1_3' title="bbox 86 529 1116 618; baseline 0 -20"><span class='ocrx_word' id='word_1_13' title='bbox 86 551 162 598; x_wconf 89' lang='lat' dir='ltr'>men</span> <span class='ocrx_word' id='word_1_14' title='bbox 184 544 245 612; x_wconf 89' lang='lat' dir='ltr'>est,</span> <span class='ocrx_word' id='word_1_15' title='bbox 271 532 427 598; x_wconf 81' lang='lat' dir='ltr'>omninin</span> <span class='ocrx_word' id='word_1_16' title='bbox 442 535 539 598; x_wconf 79' lang='lat' dir='ltr'>attera</span> <span class='ocrx_word' id='word_1_17' title='bbox 553 543 643 618; x_wconf 77' lang='lat' dir='ltr'>perte</span> <span class='ocrx_word' id='word_1_18' title='bbox 655 535 755 612; x_wconf 84' lang='lat' dir='ltr'>luere,</span> <span class='ocrx_word' id='word_1_19' title='bbox 770 529 847 612; x_wconf 80' lang='lat' dir='ltr'>dux,</span> <span class='ocrx_word' id='word_1_20' title='bbox 866 531 1016 616; x_wconf 78' lang='lat' dir='ltr'>remiges,</span> <span class='ocrx_word' id='word_1_21' title='bbox 1031 535 1116 600; x_wconf 88' lang='lat' dir='ltr'>mili-</span> 
     </span>
     <span class='ocr_line' id='line_1_4' title="bbox 88 651 1116 742; baseline 0.001 -21"><span class='ocrx_word' id='word_1_22' title='bbox 88 667 162 736; x_wconf 82' lang='lat' dir='ltr'>tes3</span> <span class='ocrx_word' id='word_1_23' title='bbox 186 655 218 718; x_wconf 91' lang='lat' dir='ltr'>in</span> <span class='ocrx_word' id='word_1_24' title='bbox 245 656 352 735; x_wconf 76' lang='lat' dir='ltr'>alteri,</span> <span class='ocrx_word' id='word_1_25' title='bbox 375 654 454 718; x_wconf 92' lang='lat' dir='ltr'>nihil</span> <span class='ocrx_word' id='word_1_26' title='bbox 476 665 591 742; x_wconf 82' lang='lat' dir='ltr'>praeter</span> <span class='ocrx_word' id='word_1_27' title='bbox 613 653 741 720; x_wconf 83' lang='lat' dir='ltr'>milites.</span> <span class='ocrx_word' id='word_1_28' title='bbox 778 651 885 720; x_wconf 87' lang='lat' dir='ltr'>Prlma</span> <span class='ocrx_word' id='word_1_29' title='bbox 908 667 1043 740; x_wconf 83' lang='lat' dir='ltr'>occupat</span> <span class='ocrx_word' id='word_1_30' title='bbox 1065 660 1116 722; x_wconf 82' lang='lat' dir='ltr'>iu·</span> 
     </span>
    </p>
   </div>
   <div class='ocr_carea' id='block_1_3' title="bbox 83 773 1113 862">
    <p class='ocr_par' dir='ltr' id='par_1_3' title="bbox 83 773 1113 862">
     <span class='ocr_line' id='line_1_5' title="bbox 83 773 1113 862; baseline -0.002 -22"><span class='ocrx_word' id='word_1_31' title='bbox 83 798 161 862; x_wconf 73' lang='lat' dir='ltr'>gam</span> <span class='ocrx_word' id='word_1_32' title='bbox 192 775 376 860; x_wconf 79' lang='lat' dir='ltr'>Cleopatra:</span> <span class='ocrx_word' id='word_1_33' title='bbox 400 775 561 839; x_wconf 84' lang='lat' dir='ltr'>Antonius</span> <span class='ocrx_word' id='word_1_34' title='bbox 575 773 729 859; x_wconf 82' lang='lat' dir='ltr'>fugientis</span> <span class='ocrx_word' id='word_1_35' title='bbox 749 773 883 860; x_wconf 80' lang='lat' dir='ltr'>reginas,</span> <span class='ocrx_word' id='word_1_36' title='bbox 905 779 1000 860; x_wconf 77' lang='lat' dir='ltr'>quim</span> <span class='ocrx_word' id='word_1_37' title='bbox 1028 797 1113 861; x_wconf 81' lang='lat' dir='ltr'>pug-</span> 
     </span>
    </p>
   </div>
   <div class='ocr_carea' id='block_1_4' title="bbox 77 895 1116 2578">
    <p class='ocr_par' dir='ltr' id='par_1_4' title="bbox 77 895 1116 2578">
     <span class='ocr_line' id='line_1_6' title="bbox 84 895 1116 984; baseline 0 -22"><span class='ocrx_word' id='word_1_38' title='bbox 84 897 194 962; x_wconf 87' lang='lat' dir='ltr'>nantis</span> <span class='ocrx_word' id='word_1_39' title='bbox 208 895 318 962; x_wconf 87' lang='lat' dir='ltr'>militis</span> <span class='ocrx_word' id='word_1_40' title='bbox 332 897 383 962; x_wconf 91' lang='lat' dir='ltr'>sui</span> <span class='ocrx_word' id='word_1_41' title='bbox 399 917 505 964; x_wconf 86' lang='lat' dir='ltr'>comes</span> <span class='ocrx_word' id='word_1_42' title='bbox 520 917 590 964; x_wconf 85' lang='lat' dir='ltr'>esse</span> <span class='ocrx_word' id='word_1_43' title='bbox 605 897 740 978; x_wconf 84' lang='lat' dir='ltr'>maluit;</span> <span class='ocrx_word' id='word_1_44' title='bbox 763 907 795 964; x_wconf 86' lang='lat' dir='ltr'>et</span> <span class='ocrx_word' id='word_1_45' title='bbox 807 896 988 984; x_wconf 81' lang='lat' dir='ltr'>imperator,</span> <span class='ocrx_word' id='word_1_46' title='bbox 1012 897 1067 982; x_wconf 77' lang='lat' dir='ltr'>qui</span> <span class='ocrx_word' id='word_1_47' title='bbox 1082 896 1116 962; x_wconf 88' lang='lat' dir='ltr'>in</span> 
     </span>
     <span class='ocr_line' id='line_1_7' title="bbox 84 995 1116 1107; baseline 0.001 -22"><span class='ocrx_word' id='word_1_48' title='bbox 84 1018 262 1086; x_wconf 70' lang='lat' dir='ltr'>desertores</span> <span class='ocrx_word' id='word_1_49' title='bbox 286 1019 395 1107; x_wconf 74' lang='lat' dir='ltr'>saevire</span> <span class='ocrx_word' id='word_1_50' title='bbox 415 1021 577 1102; x_wconf 85' lang='lat' dir='ltr'>debuerat,</span> <span class='ocrx_word' id='word_1_51' title='bbox 604 1021 745 1086; x_wconf 86' lang='lat' dir='ltr'>desertor</span> <span class='ocrx_word' id='word_1_52' title='bbox 759 1021 915 1086; x_wconf 81' lang='lat' dir='ltr'>exercitus</span> <span class='ocrx_word' id='word_1_53' title='bbox 942 1021 990 1086; x_wconf 89' lang='lat' dir='ltr'>sui</span> <span class='ocrx_word' id='word_1_54' title='bbox 1014 995 1116 1088; x_wconf 77' lang='lat' dir='ltr'>tuclus</span> 
     </span>
     <span class='ocr_line' id='line_1_8' title="bbox 85 1131 1116 1226; baseline 0.003 -24"><span class='ocrx_word' id='word_1_55' title='bbox 85 1131 147 1204; x_wconf 74' lang='lat' dir='ltr'>est.</span> <span class='ocrx_word' id='word_1_56' title='bbox 169 1137 251 1221; x_wconf 85' lang='lat' dir='ltr'>lilia,</span> <span class='ocrx_word' id='word_1_57' title='bbox 261 1139 356 1205; x_wconf 86' lang='lat' dir='ltr'>etiarn</span> <span class='ocrx_word' id='word_1_58' title='bbox 372 1139 513 1206; x_wconf 85' lang='lat' dir='ltr'>detracto</span> <span class='ocrx_word' id='word_1_59' title='bbox 527 1139 642 1226; x_wconf 87' lang='lat' dir='ltr'>capite,</span> <span class='ocrx_word' id='word_1_60' title='bbox 658 1137 690 1204; x_wconf 89' lang='lat' dir='ltr'>in</span> <span class='ocrx_word' id='word_1_61' title='bbox 703 1143 836 1226; x_wconf 86' lang='lat' dir='ltr'>longum</span> <span class='ocrx_word' id='word_1_62' title='bbox 851 1141 1021 1208; x_wconf 77' lang='lat' dir='ltr'>fortissime</span> <span class='ocrx_word' id='word_1_63' title='bbox 1031 1163 1116 1226; x_wconf 85' lang='lat' dir='ltr'>pug-</span> 
     </span>
     <span class='ocr_line' id='line_1_9' title="bbox 81 1261 1112 1350; baseline 0.004 -22"><span class='ocrx_word' id='word_1_64' title='bbox 81 1261 183 1328; x_wconf 85' lang='lat' dir='ltr'>nandi</span> <span class='ocrx_word' id='word_1_65' title='bbox 194 1262 317 1328; x_wconf 76' lang='lat' dir='ltr'>troam</span> <span class='ocrx_word' id='word_1_66' title='bbox 328 1263 529 1343; x_wconf 81' lang='lat' dir='ltr'>constantis3</span> <span class='ocrx_word' id='word_1_67' title='bbox 553 1273 586 1328; x_wconf 89' lang='lat' dir='ltr'>et</span> <span class='ocrx_word' id='word_1_68' title='bbox 600 1263 764 1350; x_wconf 78' lang='lat' dir='ltr'>desperata</span> <span class='ocrx_word' id='word_1_69' title='bbox 779 1265 911 1330; x_wconf 78' lang='lat' dir='ltr'>victoria</span> <span class='ocrx_word' id='word_1_70' title='bbox 925 1267 959 1332; x_wconf 91' lang='lat' dir='ltr'>in</span> <span class='ocrx_word' id='word_1_71' title='bbox 977 1277 1112 1332; x_wconf 87' lang='lat' dir='ltr'>mortem</span> 
     </span>
     <span class='ocr_line' id='line_1_10' title="bbox 81 1383 1111 1468; baseline 0.003 -20"><span class='ocrx_word' id='word_1_72' title='bbox 81 1383 302 1452; x_wconf 68' lang='lat' dir='ltr'>dimicabatur.</span> <span class='ocrx_word' id='word_1_73' title='bbox 347 1385 463 1465; x_wconf 72' lang='lat' dir='ltr'>Caesar,</span> <span class='ocrx_word' id='word_1_74' title='bbox 488 1405 569 1468; x_wconf 89' lang='lat' dir='ltr'>quos</span> <span class='ocrx_word' id='word_1_75' title='bbox 592 1385 675 1448; x_wconf 82' lang='lat' dir='ltr'>ferro</span> <span class='ocrx_word' id='word_1_76' title='bbox 700 1395 824 1468; x_wconf 85' lang='lat' dir='ltr'>poterat</span> <span class='ocrx_word' id='word_1_77' title='bbox 839 1385 1029 1465; x_wconf 87' lang='lat' dir='ltr'>interimere,</span> <span class='ocrx_word' id='word_1_78' title='bbox 1041 1409 1111 1452; x_wconf 87' lang='lat' dir='ltr'>ver-</span> 
     </span>
     <span class='ocr_line' id='line_1_11' title="bbox 81 1505 1115 1593; baseline 0 -21"><span class='ocrx_word' id='word_1_79' title='bbox 81 1507 136 1572; x_wconf 85' lang='lat' dir='ltr'>bis</span> <span class='ocrx_word' id='word_1_80' title='bbox 158 1509 298 1572; x_wconf 89' lang='lat' dir='ltr'>mulcere</span> <span class='ocrx_word' id='word_1_81' title='bbox 319 1507 462 1592; x_wconf 90' lang='lat' dir='ltr'>cupiens,</span> <span class='ocrx_word' id='word_1_82' title='bbox 484 1505 713 1591; x_wconf 83' lang='lat' dir='ltr'>clamitansque</span> <span class='ocrx_word' id='word_1_83' title='bbox 737 1517 769 1570; x_wconf 87' lang='lat' dir='ltr'>et</span> <span class='ocrx_word' id='word_1_84' title='bbox 790 1507 973 1586; x_wconf 86' lang='lat' dir='ltr'>ostendens,</span> <span class='ocrx_word' id='word_1_85' title='bbox 990 1507 1115 1593; x_wconf 75' lang='lat' dir='ltr'>jirgiase</span> 
     </span>
     <span class='ocr_line' id='line_1_12' title="bbox 77 1629 1112 1718; baseline -0.003 -22"><span class='ocrx_word' id='word_1_86' title='bbox 77 1631 263 1711; x_wconf 59' lang='lat' dir='ltr'>Anterum</span> <span class='ocrx_word' id='word_1_87' title='bbox 271 1631 442 1717; x_wconf 83' lang='lat' dir='ltr'>quaerebat,</span> <span class='ocrx_word' id='word_1_88' title='bbox 448 1651 507 1714; x_wconf 88' lang='lat' dir='ltr'>pro</span> <span class='ocrx_word' id='word_1_89' title='bbox 520 1651 590 1716; x_wconf 83' lang='lat' dir='ltr'>quo,</span> <span class='ocrx_word' id='word_1_90' title='bbox 598 1639 629 1695; x_wconf 82' lang='lat' dir='ltr'>et</span> <span class='ocrx_word' id='word_1_91' title='bbox 639 1651 709 1696; x_wconf 86' lang='lat' dir='ltr'>eum</span> <span class='ocrx_word' id='word_1_92' title='bbox 720 1633 979 1718; x_wconf 80' lang='lat' dir='ltr'>quopugaorent?</span> <span class='ocrx_word' id='word_1_93' title='bbox 997 1633 1040 1696; x_wconf 86' lang='lat' dir='ltr'>At</span> <span class='ocrx_word' id='word_1_94' title='bbox 1055 1629 1112 1711; x_wconf 92' lang='lat' dir='ltr'>illi,</span> 
     </span>
     <span class='ocr_line' id='line_1_13' title="bbox 81 1751 1112 1841; baseline -0.002 -21"><span class='ocrx_word' id='word_1_95' title='bbox 81 1757 160 1820; x_wconf 76' lang='lat' dir='ltr'>cun</span> <span class='ocrx_word' id='word_1_96' title='bbox 174 1751 231 1820; x_wconf 82' lang='lat' dir='ltr'>diu</span> <span class='ocrx_word' id='word_1_97' title='bbox 244 1773 303 1841; x_wconf 87' lang='lat' dir='ltr'>pro</span> <span class='ocrx_word' id='word_1_98' title='bbox 317 1755 448 1818; x_wconf 76' lang='lat' dir='ltr'>absente</span> <span class='ocrx_word' id='word_1_99' title='bbox 460 1752 663 1818; x_wconf 75' lang='lat' dir='ltr'>dimicassent</span> <span class='ocrx_word' id='word_1_100' title='bbox 673 1753 766 1834; x_wconf 88' lang='lat' dir='ltr'>duce,</span> <span class='ocrx_word' id='word_1_101' title='bbox 782 1763 865 1839; x_wconf 77' lang='lat' dir='ltr'>tegre</span> <span class='ocrx_word' id='word_1_102' title='bbox 882 1753 1047 1820; x_wconf 81' lang='lat' dir='ltr'>submissis</span> <span class='ocrx_word' id='word_1_103' title='bbox 1061 1775 1112 1818; x_wconf 84' lang='lat' dir='ltr'>ar·</span> 
     </span>
     <span class='ocr_line' id='line_1_14' title="bbox 81 1875 1114 1964; baseline 0.001 -22"><span class='ocrx_word' id='word_1_104' title='bbox 81 1879 147 1942; x_wconf 86' lang='lat' dir='ltr'>rnis</span> <span class='ocrx_word' id='word_1_105' title='bbox 162 1895 284 1943; x_wconf 74' lang='lat' dir='ltr'>eesoere</span> <span class='ocrx_word' id='word_1_106' title='bbox 298 1876 486 1956; x_wconf 68' lang='lat' dir='ltr'>victoriam</span> <span class='ocrx_word' id='word_1_107' title='bbox 510 1875 664 1962; x_wconf 84' lang='lat' dir='ltr'>citiusque</span> <span class='ocrx_word' id='word_1_108' title='bbox 687 1875 784 1942; x_wconf 76' lang='lat' dir='ltr'>ritem</span> <span class='ocrx_word' id='word_1_109' title='bbox 803 1877 988 1964; x_wconf 87' lang='lat' dir='ltr'>veniamque</span> <span class='ocrx_word' id='word_1_110' title='bbox 1008 1875 1114 1942; x_wconf 78' lang='lat' dir='ltr'>Cmsar</span> 
     </span>
     <span class='ocr_line' id='line_1_15' title="bbox 81 1999 1113 2086; baseline 0.004 -22"><span class='ocrx_word' id='word_1_111' title='bbox 81 1999 244 2086; x_wconf 83' lang='lat' dir='ltr'>promisit,</span> <span class='ocrx_word' id='word_1_112' title='bbox 268 2003 365 2084; x_wconf 82' lang='lat' dir='ltr'>quim</span> <span class='ocrx_word' id='word_1_113' title='bbox 388 1999 464 2080; x_wconf 86' lang='lat' dir='ltr'>illis,</span> <span class='ocrx_word' id='word_1_114' title='bbox 485 2011 522 2064; x_wconf 89' lang='lat' dir='ltr'>ut</span> <span class='ocrx_word' id='word_1_115' title='bbox 545 2019 581 2063; x_wconf 85' lang='lat' dir='ltr'>ea</span> <span class='ocrx_word' id='word_1_116' title='bbox 607 2011 821 2086; x_wconf 82' lang='lat' dir='ltr'>precarentur,</span> <span class='ocrx_word' id='word_1_117' title='bbox 843 2021 1029 2086; x_wconf 87' lang='lat' dir='ltr'>persuasum</span> <span class='ocrx_word' id='word_1_118' title='bbox 1054 2012 1113 2070; x_wconf 81' lang='lat' dir='ltr'>est.</span> 
     </span>
     <span class='ocr_line' id='line_1_16' title="bbox 80 2121 1112 2212; baseline -0.004 -20"><span class='ocrx_word' id='word_1_119' title='bbox 80 2125 112 2192; x_wconf 91' lang='lat' dir='ltr'>F</span> <span class='ocrx_word' id='word_1_120' title='bbox 115 2123 224 2212; x_wconf 76' lang='lat' dir='ltr'>uirque</span> <span class='ocrx_word' id='word_1_121' title='bbox 238 2121 273 2188; x_wconf 88' lang='lat' dir='ltr'>in</span> <span class='ocrx_word' id='word_1_122' title='bbox 288 2121 443 2204; x_wconf 72' lang='lat' dir='ltr'>confesso,</span> <span class='ocrx_word' id='word_1_123' title='bbox 458 2123 575 2188; x_wconf 88' lang='lat' dir='ltr'>milites</span> <span class='ocrx_word' id='word_1_124' title='bbox 590 2121 705 2210; x_wconf 88' lang='lat' dir='ltr'>optimi</span> <span class='ocrx_word' id='word_1_125' title='bbox 719 2123 927 2210; x_wconf 86' lang='lat' dir='ltr'>imperatoris,</span> <span class='ocrx_word' id='word_1_126' title='bbox 939 2123 1112 2211; x_wconf 82' lang='lat' dir='ltr'>imperato-</span> 
     </span>
     <span class='ocr_line' id='line_1_17' title="bbox 79 2245 1112 2332; baseline 0 -19"><span class='ocrx_word' id='word_1_127' title='bbox 79 2267 153 2314; x_wconf 88' lang='lat' dir='ltr'>rem</span> <span class='ocrx_word' id='word_1_128' title='bbox 164 2245 361 2332; x_wconf 71' lang='lat' dir='ltr'>fugscissirui</span> <span class='ocrx_word' id='word_1_129' title='bbox 371 2246 482 2314; x_wconf 88' lang='lat' dir='ltr'>militis</span> <span class='ocrx_word' id='word_1_130' title='bbox 491 2247 639 2312; x_wconf 83' lang='lat' dir='ltr'>iunctum</span> <span class='ocrx_word' id='word_1_131' title='bbox 652 2245 756 2312; x_wconf 87' lang='lat' dir='ltr'>officio</span> <span class='ocrx_word' id='word_1_132' title='bbox 769 2273 779 2328; x_wconf 90' lang='lat'>;</span> <span class='ocrx_word' id='word_1_133' title='bbox 802 2255 838 2312; x_wconf 89' lang='lat' dir='ltr'>ut</span> <span class='ocrx_word' id='word_1_134' title='bbox 851 2247 988 2332; x_wconf 87' lang='lat' dir='ltr'>dubites,</span> <span class='ocrx_word' id='word_1_135' title='bbox 1000 2271 1112 2330; x_wconf 87' lang='lat' dir='ltr'>suone,</span> 
     </span>
     <span class='ocr_line' id='line_1_18' title="bbox 80 2366 1112 2458; baseline 0.002 -24"><span class='ocrx_word' id='word_1_136' title='bbox 80 2391 124 2434; x_wconf 87' lang='lat' dir='ltr'>an</span> <span class='ocrx_word' id='word_1_137' title='bbox 147 2367 326 2456; x_wconf 70' lang='lat' dir='ltr'>Cleopatra</span> <span class='ocrx_word' id='word_1_138' title='bbox 348 2366 476 2434; x_wconf 84' lang='lat' dir='ltr'>arbitrio</span> <span class='ocrx_word' id='word_1_139' title='bbox 500 2367 664 2434; x_wconf 83' lang='lat' dir='ltr'>victoriam</span> <span class='ocrx_word' id='word_1_140' title='bbox 679 2379 908 2456; x_wconf 86' lang='lat' dir='ltr'>temperaturus</span> <span class='ocrx_word' id='word_1_141' title='bbox 925 2371 1035 2458; x_wconf 78' lang='lat' dir='ltr'>fucrit,</span> <span class='ocrx_word' id='word_1_142' title='bbox 1056 2373 1112 2458; x_wconf 89' lang='lat' dir='ltr'>qni</span> 
     </span>
     <span class='ocr_line' id='line_1_19' title="bbox 79 2489 652 2578; baseline -0.01 -20"><span class='ocrx_word' id='word_1_143' title='bbox 79 2493 123 2558; x_wconf 85' lang='lat' dir='ltr'>ad</span> <span class='ocrx_word' id='word_1_144' title='bbox 138 2489 206 2578; x_wconf 87' lang='lat' dir='ltr'>ejus</span> <span class='ocrx_word' id='word_1_145' title='bbox 222 2489 386 2558; x_wconf 73' lang='lat' dir='ltr'>arbitrium</span> <span class='ocrx_word' id='word_1_146' title='bbox 402 2489 515 2554; x_wconf 82' lang='lat' dir='ltr'>direxit</span> <span class='ocrx_word' id='word_1_147' title='bbox 530 2490 652 2574; x_wconf 79' lang='lat' dir='ltr'>fugam.</span> 
     </span>
    </p>
   </div>
   <div class='ocr_carea' id='block_1_5' title="bbox 448 2715 755 2784">
    <p class='ocr_par' dir='ltr' id='par_1_5' title="bbox 448 2715 755 2784">
     <span class='ocr_line' id='line_1_20' title="bbox 448 2715 755 2784; baseline -0.007 0"><span class='ocrx_word' id='word_1_148' title='bbox 448 2717 484 2784; x_wconf 88' lang='lat' dir='ltr'>C.</span> <span class='ocrx_word' id='word_1_149' title='bbox 508 2715 755 2783; x_wconf 81' lang='lat' dir='ltr'><strong><em>MAECENAS.</em></strong></span> 
     </span>
    </p>
   </div>
   <div class='ocr_carea' id='block_1_6' title="bbox 77 2875 1117 3698">
    <p class='ocr_par' dir='ltr' id='par_1_6' title="bbox 77 2875 1117 3698">
     <span class='ocr_line' id='line_1_21' title="bbox 126 2875 1114 2966; baseline -0.005 -20"><span class='ocrx_word' id='word_1_150' title='bbox 126 2881 222 2946; x_wconf 75' lang='lat' dir='ltr'>&#39;Iunc</span> <span class='ocrx_word' id='word_1_151' title='bbox 236 2879 323 2944; x_wconf 85' lang='lat' dir='ltr'>urbis</span> <span class='ocrx_word' id='word_1_152' title='bbox 338 2877 489 2944; x_wconf 86' lang='lat' dir='ltr'>custodiis</span> <span class='ocrx_word' id='word_1_153' title='bbox 512 2877 703 2966; x_wconf 77' lang='lat' dir='ltr'>praepositus</span> <span class='ocrx_word' id='word_1_154' title='bbox 718 2877 756 2942; x_wconf 93' lang='lat' dir='ltr'>C.</span> <span class='ocrx_word' id='word_1_155' title='bbox 773 2875 948 2956; x_wconf 79' lang='lat' dir='ltr'>Maecenas,</span> <span class='ocrx_word' id='word_1_156' title='bbox 963 2879 1114 2964; x_wconf 83' lang='lat' dir='ltr'>equestri,</span> 
     </span>
     <span class='ocr_line' id='line_1_22' title="bbox 80 2997 1113 3092; baseline -0.007 -22"><span class='ocrx_word' id='word_1_157' title='bbox 80 3003 141 3070; x_wconf 87' lang='lat' dir='ltr'>sed</span> <span class='ocrx_word' id='word_1_158' title='bbox 156 3001 322 3090; x_wconf 89' lang='lat' dir='ltr'>splendido</span> <span class='ocrx_word' id='word_1_159' title='bbox 337 3021 452 3086; x_wconf 75' lang='lat' dir='ltr'>genere</span> <span class='ocrx_word' id='word_1_160' title='bbox 467 3013 570 3080; x_wconf 84' lang='lat' dir='ltr'>natus,</span> <span class='ocrx_word' id='word_1_161' title='bbox 587 2999 646 3092; x_wconf 81' lang='lat' dir='ltr'>vir,¹</span> <span class='ocrx_word' id='word_1_162' title='bbox 668 2999 785 3064; x_wconf 87' lang='lat' dir='ltr'>abires</span> <span class='ocrx_word' id='word_1_163' title='bbox 802 2997 941 3084; x_wconf 82' lang='lat' dir='ltr'>vigiliam</span> <span class='ocrx_word' id='word_1_164' title='bbox 963 3001 1113 3088; x_wconf 76' lang='lat' dir='ltr'>exigeret,</span> 
     </span>
     <span class='ocr_line' id='line_1_23' title="bbox 80 3120 1114 3210; baseline -0.005 -18"><span class='ocrx_word' id='word_1_165' title='bbox 80 3131 162 3192; x_wconf 75' lang='lat' dir='ltr'>sane</span> <span class='ocrx_word' id='word_1_166' title='bbox 178 3125 352 3208; x_wconf 75' lang='lat' dir='ltr'>exsomnis,</span> <span class='ocrx_word' id='word_1_167' title='bbox 366 3123 535 3210; x_wconf 84' lang='lat' dir='ltr'>providens</span> <span class='ocrx_word' id='word_1_168' title='bbox 551 3133 646 3210; x_wconf 86' lang='lat' dir='ltr'>atque</span> <span class='ocrx_word' id='word_1_169' title='bbox 658 3121 771 3206; x_wconf 87' lang='lat' dir='ltr'>agendi</span> <span class='ocrx_word' id='word_1_170' title='bbox 784 3120 887 3186; x_wconf 90' lang='lat' dir='ltr'>sciens</span> <span class='ocrx_word' id='word_1_171' title='bbox 899 3146 909 3202; x_wconf 84' lang='lat'>3</span> <span class='ocrx_word' id='word_1_172' title='bbox 934 3123 1029 3186; x_wconf 89' lang='lat' dir='ltr'>simul</span> <span class='ocrx_word' id='word_1_173' title='bbox 1041 3125 1114 3188; x_wconf 75' lang='lat' dir='ltr'>veru</span> 
     </span>
     <span class='ocr_line' id='line_1_24' title="bbox 82 3245 1113 3336; baseline -0.002 -23"><span class='ocrx_word' id='word_1_174' title='bbox 82 3247 206 3336; x_wconf 85' lang='lat' dir='ltr'>aliquid</span> <span class='ocrx_word' id='word_1_175' title='bbox 232 3269 274 3315; x_wconf 82' lang='lat' dir='ltr'>ex</span> <span class='ocrx_word' id='word_1_176' title='bbox 296 3247 426 3332; x_wconf 78' lang='lat' dir='ltr'>negotio</span> <span class='ocrx_word' id='word_1_177' title='bbox 440 3245 560 3310; x_wconf 84' lang='lat' dir='ltr'>remitti</span> <span class='ocrx_word' id='word_1_178' title='bbox 581 3255 702 3332; x_wconf 86' lang='lat' dir='ltr'>posset,</span> <span class='ocrx_word' id='word_1_179' title='bbox 718 3245 784 3310; x_wconf 87' lang='lat' dir='ltr'>otio</span> <span class='ocrx_word' id='word_1_180' title='bbox 806 3266 842 3309; x_wconf 89' lang='lat' dir='ltr'>ac</span> <span class='ocrx_word' id='word_1_181' title='bbox 865 3245 1007 3310; x_wconf 88' lang='lat' dir='ltr'>mollitiis</span> <span class='ocrx_word' id='word_1_182' title='bbox 1032 3253 1113 3332; x_wconf 73' lang='lat' dir='ltr'>peni</span> 
     </span>
     <span class='ocr_line' id='line_1_25' title="bbox 81 3364 1117 3452; baseline -0.006 -16"><span class='ocrx_word' id='word_1_183' title='bbox 81 3373 170 3436; x_wconf 81' lang='lat' dir='ltr'>ultra</span> <span class='ocrx_word' id='word_1_184' title='bbox 193 3368 344 3432; x_wconf 76' lang='lat' dir='ltr'>feminam</span> <span class='ocrx_word' id='word_1_185' title='bbox 358 3367 479 3446; x_wconf 78' lang='lat' dir='ltr'>fluens3</span> <span class='ocrx_word' id='word_1_186' title='bbox 502 3385 568 3429; x_wconf 88' lang='lat' dir='ltr'>non</span> <span class='ocrx_word' id='word_1_187' title='bbox 584 3364 689 3438; x_wconf 74' lang='lat' dir='ltr'>mini-s</span> <span class='ocrx_word' id='word_1_188' title='bbox 713 3364 855 3452; x_wconf 79' lang='lat' dir='ltr'>Agrippi</span> <span class='ocrx_word' id='word_1_189' title='bbox 877 3365 995 3429; x_wconf 78' lang='lat' dir='ltr'>Caesari</span> <span class='ocrx_word' id='word_1_190' title='bbox 1017 3389 1117 3448; x_wconf 82' lang='lat' dir='ltr'>caros,</span> 
     </span>
     <span class='ocr_line' id='line_1_26' title="bbox 77 3487 1114 3576; baseline -0.003 -18"><span class='ocrx_word' id='word_1_191' title='bbox 77 3493 139 3558; x_wconf 89' lang='lat' dir='ltr'>sed</span> <span class='ocrx_word' id='word_1_192' title='bbox 161 3489 267 3556; x_wconf 64' lang='lat' dir='ltr'>mium</span> <span class='ocrx_word' id='word_1_193' title='bbox 290 3490 483 3558; x_wconf 85' lang='lat' dir='ltr'>honoratus:</span> <span class='ocrx_word' id='word_1_194' title='bbox 507 3487 625 3576; x_wconf 89' lang='lat' dir='ltr'>quippe</span> <span class='ocrx_word' id='word_1_195' title='bbox 649 3487 727 3552; x_wconf 79' lang='lat' dir='ltr'>vixit</span> <span class='ocrx_word' id='word_1_196' title='bbox 751 3501 888 3572; x_wconf 86' lang='lat' dir='ltr'>angusto</span> <span class='ocrx_word' id='word_1_197' title='bbox 914 3491 1002 3554; x_wconf 86' lang='lat' dir='ltr'>clavo</span> <span class='ocrx_word' id='word_1_198' title='bbox 1021 3493 1114 3576; x_wconf 75' lang='lat' dir='ltr'>plane</span> 
     </span>
     <span class='ocr_line' id='line_1_27' title="bbox 80 3609 1116 3698; baseline -0.003 -18"><span class='ocrx_word' id='word_1_199' title='bbox 80 3623 279 3692; x_wconf 74' lang='lat' dir='ltr'>contentus,</span> <span class='ocrx_word' id='word_1_200' title='bbox 303 3633 362 3676; x_wconf 89' lang='lat' dir='ltr'>nec</span> <span class='ocrx_word' id='word_1_201' title='bbox 377 3609 495 3698; x_wconf 86' lang='lat' dir='ltr'>majora</span> <span class='ocrx_word' id='word_1_202' title='bbox 510 3633 575 3674; x_wconf 91' lang='lat' dir='ltr'>non</span> <span class='ocrx_word' id='word_1_203' title='bbox 590 3609 743 3698; x_wconf 89' lang='lat' dir='ltr'>consequi</span> <span class='ocrx_word' id='word_1_204' title='bbox 761 3609 878 3696; x_wconf 88' lang='lat' dir='ltr'>potuit,</span> <span class='ocrx_word' id='word_1_205' title='bbox 901 3611 955 3674; x_wconf 85' lang='lat' dir='ltr'>sed</span> <span class='ocrx_word' id='word_1_206' title='bbox 972 3635 1034 3676; x_wconf 88' lang='lat' dir='ltr'>non</span> <span class='ocrx_word' id='word_1_207' title='bbox 1050 3625 1116 3678; x_wconf 81' lang='lat' dir='ltr'>tam</span> 
     </span>
    </p>
   </div>
   <div class='ocr_carea' id='block_1_7' title="bbox 77 3743 1114 3954">
    <p class='ocr_par' dir='ltr' id='par_1_7' title="bbox 77 3743 1114 3954">
     <span class='ocr_line' id='line_1_28' title="bbox 80 3743 1114 3831; baseline 0.001 -21"><span class='ocrx_word' id='word_1_208' title='bbox 80 3743 281 3831; x_wconf 83' lang='lat' dir='ltr'>concupivit.</span> <span class='ocrx_word' id='word_1_209' title='bbox 326 3743 392 3808; x_wconf 90' lang='lat' dir='ltr'>Hie</span> <span class='ocrx_word' id='word_1_210' title='bbox 412 3746 592 3828; x_wconf 87' lang='lat' dir='ltr'>speculatus</span> <span class='ocrx_word' id='word_1_211' title='bbox 608 3753 667 3822; x_wconf 85' lang='lat' dir='ltr'>est,</span> <span class='ocrx_word' id='word_1_212' title='bbox 685 3763 739 3826; x_wconf 85' lang='lat' dir='ltr'>per</span> <span class='ocrx_word' id='word_1_213' title='bbox 754 3765 908 3808; x_wconf 89' lang='lat' dir='ltr'>summam</span> <span class='ocrx_word' id='word_1_214' title='bbox 925 3745 1063 3830; x_wconf 88' lang='lat' dir='ltr'>quietem</span> <span class='ocrx_word' id='word_1_215' title='bbox 1079 3769 1114 3812; x_wconf 85' lang='lat' dir='ltr'>ac</span> 
     </span>
     <span class='ocr_line' id='line_1_29' title="bbox 77 3865 1112 3954; baseline -0.003 -21"><span class='ocrx_word' id='word_1_216' title='bbox 77 3867 380 3946; x_wconf 85' lang='lat' dir='ltr'>dissimulationem,</span> <span class='ocrx_word' id='word_1_217' title='bbox 396 3867 567 3954; x_wconf 76' lang='lat' dir='ltr'>praecipitis</span> <span class='ocrx_word' id='word_1_218' title='bbox 584 3865 715 3932; x_wconf 82' lang='lat' dir='ltr'>consilia</span> <span class='ocrx_word' id='word_1_219' title='bbox 734 3865 885 3952; x_wconf 82' lang='lat' dir='ltr'>jovenis3</span> <span class='ocrx_word' id='word_1_220' title='bbox 909 3877 951 3946; x_wconf 87' lang='lat' dir='ltr'>et,</span> <span class='ocrx_word' id='word_1_221' title='bbox 968 3867 1043 3932; x_wconf 71' lang='lat' dir='ltr'>miri</span> <span class='ocrx_word' id='word_1_222' title='bbox 1060 3891 1112 3931; x_wconf 89' lang='lat' dir='ltr'>ce-</span> 
     </span>
    </p>
   </div>
   <div class='ocr_carea' id='block_1_8' title="bbox 0 0 1366 4494">
    <p class='ocr_par' dir='ltr' id='par_1_8' title="bbox 0 0 1366 4494">
     <span class='ocr_line' id='line_1_30' title="bbox 0 0 1366 4494; baseline 0 0"><span class='ocrx_word' id='word_1_223' title='bbox 0 0 1366 4494; x_wconf 95' lang='lat' dir='ltr'> </span> 
     </span>
    </p>
   </div>
  </div>
 </body>
</html>
