2756 4484
458 195 770 268 coeremonu.
1070 161 1142 300 ³⁶7]

99 363 291 434 coucililrnt
311 387 368 453 per
388 389 440 434 me
461 371 631 456 quondam,
662 383 698 436 te
716 373 827 464 socio,
842 375 972 445 defensa
995 383 1128 466 respub.

101 487 189 554 lien:
211 509 378 574 versorque
392 488 425 552 in
441 511 549 554 corum
566 491 736 576 naufragiis
757 503 789 556 et
805 494 962 560 bonorum
981 495 1129 584 direptio-

102 612 224 676 nibus:
240 633 300 674 nec
320 611 411 676 oudin
425 611 540 694 solum,
566 613 651 698 qnod
674 613 778 700 ipsum
796 625 878 680 esset
900 616 1062 700 miserum,
1075 623 1137 690 ned

101 733 204 800 ctiam
218 733 322 812 video,
343 754 407 818 quo
428 734 506 798 nihil
527 745 573 799 est
589 736 742 817 acerbius,
758 759 866 802 eorum
881 740 1023 804 fortunas
1038 740 1130 808 dissi-

101 859 189 944 pnni3
213 860 328 944 quibus
356 881 415 926 nos
446 861 522 926 olim
553 857 748 944 adjutoribus
770 859 850 927 illud
872 861 1052 930 incendium
1074 887 1129 930 ex-

104 981 277 1047 stinximus
289 1006 300 1063 3
322 993 355 1048 et
370 982 403 1046 in
418 985 481 1068 qul
495 984 573 1048 urbe
587 971 682 1046 modo
696 984 806 1066 gratio,
818 987 1015 1067 auctoritato,
1028 987 1130 1072 glorio

102 1104 282 1186 floruimus,
298 1105 330 1170 in
349 1111 385 1170 eu
406 1127 491 1172 nunc
508 1106 547 1172 iio
561 1105 687 1190 quidem
701 1106 849 1172 omnibus
863 1129 1015 1176 caremus.
1060 1111 1129 1178 Ol>

105 1229 246 1294 tincmus
270 1228 368 1315 ipsius
389 1230 521 1296 Caesuris
546 1218 702 1294 summano
716 1249 789 1314 erga
809 1251 867 1294 nos
889 1232 1127 1300 humanitatem.

104 1349 171 1413 Sed
185 1351 308 1434 euplus
324 1369 385 1412 non
401 1359 517 1433 potest,
536 1351 632 1434 quim
652 1347 699 1412 vis
713 1357 746 1411 et
759 1349 892 1414 mutatio
914 1352 1057 1416 omnium
1077 1377 1127 1420 ro-

104 1491 179 1536 rum
200 1481 292 1556 atque
315 1481 504 1554 temporum.
548 1467 658 1554 Itnque
681 1469 777 1534 orbus
797 1467 835 1532 iis
856 1471 949 1534 rebus
967 1471 1126 1555 omnibus,

104 1593 223 1680 quibus
246 1602 281 1658 et
300 1602 411 1658 natura
430 1602 534 1656 meet
554 1591 699 1656 voluutas
721 1601 754 1654 et
778 1592 973 1658 consuetudo
990 1596 1126 1658 assuefe-

104 1725 202 1796 cerat,
235 1715 309 1780 cum
341 1711 475 1792 conteris,
501 1721 537 1778 ut
559 1710 684 1798 quidem
712 1710 830 1790 videor,
858 1723 930 1776 tum
954 1711 1032 1776 mihi
1060 1714 1127 1799 ipsc

105 1833 269 1924 displiceo.
314 1835 418 1900 Notus
438 1832 524 1898 enim
543 1817 582 1898 nd
596 1831 753 1918 agendum
767 1853 890 1918 semper
914 1831 1031 1918 aliquid
1056 1835 1126 1918 dig-

105 1979 183 2024 num
197 1956 277 2037 viro,
292 1975 380 2024 nnnc
394 1974 460 2020 non
475 1953 570 2018 modd
583 1951 696 2038 agendi
711 1951 863 2018 rationem
879 1955 998 2028 nullum
1013 1954 1127 2037 habeo,

106 2082 163 2148 nod
176 2101 217 2145 ue
231 2075 390 2165 cogitandi
406 2060 555 2165 quidem:
578 2075 677 2160 etqui
693 2085 785 2140 antea
800 2085 854 2140 aut
868 2076 1009 2144 obscuris
1024 2079 1128 2152 homi.

106 2203 212 2284 nibus,
233 2212 288 2272 out
320 2201 415 2266 etiam
440 2200 583 2264 sontibus
612 2197 760 2285 opitulari
789 2209 941 2286 poteram,
973 2223 1059 2268 nunc
1090 2175 1128 2270 i’.

106 2325 251 2410 Nigidio,
274 2323 330 2388 uni
343 2322 486 2386 omnium
509 2321 693 2386 doctissimo
708 2330 740 2386 ct
757 2321 965 2404 sanctissimo,
980 2335 1013 2390 ct
1026 2328 1128 2392 moxi-

107 2451 159 2514 ml
173 2441 330 2532 quondum
345 2439 455 2524 grotil,
470 2421 503 2503 et
516 2438 595 2502 mihi
608 2443 693 2504 ccrtc
714 2437 915 2518 amicissimo,
936 2462 976 2504 ne
991 2443 1128 2530 benignu

104 2567 233 2658 quidem
252 2561 393 2650 polliceri
412 2581 554 2648 possum.
597 2559 685 2646 Ergo
710 2559 771 2626 hoc
792 2569 935 2644 ereptum
955 2573 1004 2628 cst
1020 2564 1126 2630 litera·

105 2713 177 2760 rum
191 2707 302 2776 genus.

152 2813 326 2898 Reliquum
334 2817 394 2890 est,
405 2817 442 2874 nt
453 2807 608 2886 consoler,
623 2814 655 2870 ct
670 2806 794 2869 afferam
806 2802 953 2886 rationes,
965 2807 1080 2892 quibus
1095 2819 1127 2876 tc

106 2943 128 3003 d
151 2931 302 3001 molestiis
327 2951 424 2998 coner
446 2927 612 2996 obducere.
655 2927 699 2992 At
722 2927 899 3013 ecquidem
915 2929 1057 3011 incultas,
1080 2935 1127 2998 vcl

107 3059 167 3137 tui,
192 3057 241 3122 vel
265 3054 392 3121 alterius
416 3049 609 3131 consolandi,
636 3051 669 3114 in
685 3061 716 3114 te
732 3061 927 3136 summnest,
947 3025 1127 3140 siunqunm
1151 3143 1153 3146 Ι

108 3184 142 3248 in
158 3183 219 3246 ullo
238 3177 310 3244 suit.
353 3175 462 3262 ltaque
484 3167 704 3260 campartem,
723 3195 793 3260 quae
813 3177 852 3240 ab
875 3174 1029 3259 exquisiti
1049 3181 1127 3260 qul·

107 3307 179 3371 dun
199 3301 318 3368 ratione
338 3309 371 3367 ct
392 3298 548 3378 doctrinl,
571 3296 790 3383 proficiscitur,
812 3320 876 3362 non
891 3297 1056 3383 attingam,
1069 3299 1127 3364 tibi

106 3437 205 3496 totum
231 3425 414 3510 relinquam.
457 3420 543 3492 Quid
562 3419 604 3486 sit
627 3419 701 3485 forti
716 3430 747 3484 et
768 3419 900 3504 sapienti
915 3395 1043 3484 homitie
1056 3421 1135 3506 dig:

105 3569 195 3626 num,
217 3545 294 3632 quid
318 3543 464 3630 gravitas,
491 3539 566 3626 quid
588 3538 720 3604 altitudo
744 3539 851 3618 nnimi,
879 3537 954 3622 quid
979 3551 1048 3604 ncta
1071 3553 1128 3606 tun

106 3670 182 3746 vita,
205 3667 279 3753 quid
303 3663 416 3746 studia,
432 3663 508 3750 quid
522 3673 615 3741 artes,
630 3662 745 3748 quibus
767 3663 785 3723 l
802 3660 936 3745 pucritid
951 3661 1127 3741 floruisti‚l

106 3811 138 3856 ze
161 3768 314 3874 flagitent}
337 3799 374 3854 tu
398 3785 528 3852 videbis.
573 3783 639 3866 Ego
654 3781 738 3870 quod
756 3779 933 3866 intelligere
948 3791 980 3846 et
1001 3781 1126 3860 sentire,
