2738 4502
252 226 314 284 212
657 223 865 313 subruto.

247 399 307 476 set,
328 389 440 458 deduci
464 413 538 458 eum
558 393 597 458 de
616 393 725 458 rostris
738 393 879 482 Papirius
894 397 926 470 in
950 405 1072 484 partem
1089 398 1278 474 inferiorem

244 505 349 592 jussit.
394 509 529 578 Secutus
546 521 644 596 pater,
662 513 746 580 Bene
759 517 841 600 agie,
854 514 967 603 inquit,
983 539 1075 604 quum
1095 519 1202 594 &aaa
1221 522 1284 583 de·

247 631 317 696 dut
328 629 462 716 jrnsntt,
488 635 567 698 unde
583 645 611 698 ct
626 637 738 716 priuati
757 659 858 702 vocem
877 606 995 706 mittete
1015 661 1183 722 pontenano.
1229 641 1283 716 Ibi

248 753 349 842 primb
366 777 429 819 non
446 765 509 818 tarn
521 771 681 841 perpetuae
693 758 862 838 orationes,
878 763 972 846 quam
987 763 1160 844 altercatio,
1180 785 1283 830 uarr-

246 877 422 942 diebantur.
458 877 544 943 Vicit
564 879 676 944 deinde
695 881 861 967 strepitum
873 905 932 947 vox
949 895 981 947 et
1001 883 1176 970 indignatio
1188 887 1284 952 Fabii

247 999 342 1080 senis,
352 999 543 1088 increpantis
558 1003 735 1088 snperbiam
745 1003 1024 1094 crudelitatemque
1034 1003 1164 1090 Papirii:
1186 1005 1283 1090 [Quo

251 1121 363 1206 omnio]
383 1118 478 1184 simul
488 1117 633 1205 jurgans,
649 1140 796 1206 querens,
812 1122 918 1188 Deum
934 1123 1164 1210 hominumque
1183 1094 1281 1190 fidem

249 1242 422 1320 obtestans,
437 1249 470 1305 et
484 1243 669 1328 complexus
680 1241 792 1322 filiurn,
803 1241 946 1330 plurimis
958 1266 1031 1309 cum
1042 1245 1188 1330 lacrymis
1203 1267 1279 1335 age„

250 1363 315 1428 bat.
764 1359 766 1365 ’

290 1485 400 1552 Stabat
424 1509 495 1552 cum
510 1509 549 1554 eo
563 1493 691 1552 senatus
711 1485 869 1570 majestas,
892 1489 979 1552 favor
993 1489 1116 1576 populi,
1138 1489 1278 1562 tribuni·

246 1609 325 1676 tium
341 1610 503 1688 auritium,
518 1611 668 1678 memoria
683 1611 821 1677 absentis
837 1611 1004 1679 exercitiis.

293 1733 464 1820 stupentes
493 1733 634 1822 tribunos
656 1741 688 1798 et
710 1754 797 1796 suam
819 1729 885 1819 jam
911 1732 1010 1798 vicem
1032 1733 1133 1824 magis
1149 1734 1278 1818 anxios,

142 1861 148 1876 '
250 1857 343 1936 qulm
372 1849 450 1938 ejus,
476 1851 526 1916 cui
542 1853 694 1918 auxilium
712 1855 751 1916 ab
766 1875 799 1944 se
814 1853 989 1938 petebatur,
1015 1851 1159 1922 liberavit
1183 1876 1279 1922 onere

251 1994 422 2038 consensus
438 1973 548 2068 populi
564 1973 712 2052 Romani,
728 1973 767 2038 ad
782 1995 892 2062 preces
905 1983 937 2038 et
948 1973 1194 2039 obtestationem
1209 1997 1281 2040 ver·

249 2115 314 2174 sus,
338 2105 374 2157 ut
389 2093 450 2158 sibi
466 2117 594 2180 poenam
611 2095 751 2178 magistri
767 2095 908 2182 equiturn
933 2095 1071 2161 dictator
1091 2097 1280 2166 remitteret.

246 2215 383 2282 Tribuni
400 2239 525 2304 quoque
540 2217 722 2286 inclinatam
737 2239 802 2282 rem
820 2219 853 2318 in
867 2241 976 2304 preces
991 2219 1168 2313 subsecuti,
1189 2241 1278 2286 orare

249 2340 432 2404 dictatorem
458 2341 619 2420 insistunt,
649 2351 685 2405 ut
710 2341 833 2406 veniam
855 2343 950 2408 errori
974 2341 1127 2424 humano,
1152 2345 1279 2413 veniam

250 2465 471 2530 adolescentiae
493 2465 533 2536 Q.
547 2463 635 2529 Fabii
650 2464 758 2534 daret:
783 2465 858 2532 satis
873 2488 945 2530 enm
961 2487 1130 2557 poenarum
1145 2467 1279 2534 dedisse

247 2585 321 2662 dam
331 2587 398 2676 ipse
411 2587 604 2668 adolescens,
614 2585 681 2678 jam
694 2598 783 2674 pater
796 2587 845 2654 M.
859 2587 975 2654 Fabius
988 2589 1204 2660 contentionis
1216 2594 1278 2656 ob-

249 2710 308 2789 liti,
329 2713 536 2799 procumbere
560 2711 598 2775 ad
622 2731 738 2796 genua,
763 2724 795 2775 et
818 2711 895 2786 iram
921 2711 1079 2798 deprecari
1102 2713 1277 2780 dictatoris.

246 2831 332 2898 Tum
349 2834 494 2914 dictator,
519 2833 645 2898 silentio
661 2835 756 2912 sacto,
772 2831 858 2896 Bene
874 2831 974 2912 habet,
999 2831 1113 2918 inquit,
1134 2833 1278 2906 Quirina

252 2955 329 3028 licit
343 2955 500 3036 disciplina
514 2955 663 3036 militaris,
678 2955 749 3020 vicit
764 2955 880 3038 imperti
893 2952 1049 3044 majestas,
1063 2975 1132 3044 qnae
1153 2955 1186 3020 ta
1210 2957 1276 3021 dis·

250 3073 371 3168 crimirw
390 3071 522 3156 struunt,
537 3095 579 3136 on
597 3073 661 3136 ulla
680 3083 752 3157 poet
766 3073 844 3136 barre
857 3073 936 3138 diem
951 3083 1057 3138 cauerat.
1103 3073 1176 3138 Non
1189 3095 1279 3138 auxta

247 3197 386 3264 eximitur
402 3196 440 3274 Q.
457 3195 582 3276 Fabius,
598 3197 649 3281 qui
669 3207 773 3262 contro
789 3197 919 3263 edictum
942 3197 1131 3281 nuperarorn
1151 3219 1278 3288 pugrro·

246 3323 291 3393 vit
301 3345 314 3400 ,⁴
335 3323 398 3400 ted,
415 3339 502 3386 nocte
515 3321 688 3399 domitano,
711 3321 843 3386 donatur
861 3319 973 3404 populo
988 3319 1151 3402 Romnum
1175 3302 1275 3386 dodu-

248 3455 297 3518 tnr
317 3446 477 3512 tribunitia
489 3443 643 3525 potestati,
657 3444 825 3524 precoriron
847 3440 1040 3527 nonjtrstum
1060 3444 1206 3512 ariadnem
1218 3443 1276 3527 fe-

244 3568 332 3642 renti.
383 3567 465 3645 Vane,
484 3567 523 3640 Q.
540 3565 630 3644 Fabi,
644 3561 765 3646 felicior
781 3567 835 3631 boc
848 3559 1138 3632 concambivimus
1157 3569 1202 3631 ad
1224 3577 1275 3646 tuf.

245 3692 355 3758 enrluru
370 3697 410 3770 tc,
425 3692 526 3781 quoru,
542 3690 603 3776 qut
611 3688 716 3770 purello
727 3693 799 3752 ante
813 3689 996 3768 exercitabas,
1010 3689 1146 3752 uictorid.
1191 3690 1276 3772 Vara

244 3813 416 3898 idsacinue
443 3833 544 3892 annu,
567 3811 651 3898 otp'tre
677 3813 730 3880 titt
757 3835 795 3878 ne
819 3833 932 3896 parens
956 3813 1086 3900 quidem,
1114 3813 1143 3877 ei
1170 3815 1275 3878 mdern

247 3910 310 4020 loco
328 3938 453 4030 subeat,
473 3959 532 4035 pun
547 3937 612 4020 snit
636 3939 677 4015 L.
697 3937 851 4022 Papirius,
872 3937 993 4016 neniam
1012 3937 1153 4014 dedisset,
1198 3937 1273 4016 Mn
