2756 4484
638 185 863 256 El‘lSTOlAE

121 873 122 883 ἵ
247 775 381 842 Morum
417 773 560 842 biturclani
576 777 658 858 filiu
684 777 776 860 linget,
803 786 832 839 et
853 769 1073 852 Marcellano,
1091 773 1125 836 ul
1145 780 1272 856 putrem

604 895 779 972 consolatur,
794 903 904 958 annet.

400 1087 438 1150 C.
461 1085 638 1154 PLINIUS
660 1085 954 1154 Manennmno
975 1085 1045 1150 Soo
1067 1083 1103 1148 S.

240 1245 578 1374 TlnsTlserUS
601 1309 670 1376 buc
688 1305 745 1374 tibi
760 1306 875 1372 scribo.
919 1303 1062 1370 Fundani
1079 1301 1179 1368 nostri
1197 1299 1268 1366 tlh

240 1415 342 1480 nrinor
363 1431 411 1482 est
434 1417 603 1484 defuncta:
630 1423 692 1505 qut
715 1419 821 1504 puelll
848 1416 927 1486 nihil
946 1435 1085 1502 nuquam
1109 1411 1267 1489 festivius,

240 1535 417 1616 amabilius,
433 1557 492 1602 nec
507 1538 600 1602 moun
619 1537 760 1620 longiora
775 1536 849 1616 vita,
864 1537 918 1600 sed
933 1557 1028 1622 prope
1044 1531 1265 1597 immortalita-

239 1667 282 1736 te,
299 1657 424 1743 dignius
447 1657 520 1723 vidi.
565 1659 714 1724 Nondum
730 1681 828 1724 anuos
851 1655 1086 1744 quatuordecim
1108 1655 1263 1740 implere·

240 1789 297 1858 rut,
315 1791 346 1844 et
367 1777 434 1866 jam
450 1781 496 1844 illl
511 1780 602 1845 uuilis
618 1781 794 1868 prudentia,
809 1779 989 1846 matronalis
1011 1776 1146 1864 gravitas
1172 1785 1258 1854 erat3

239 1913 271 1994 ut
287 1913 391 1968 tamen
407 1903 541 1968 suavitas
555 1903 703 1990 puellaris
717 1925 790 1968 curn
806 1901 948 1986 virginali
970 1898 1173 1964 verecundit.
1214 1898 1261 1962 Ut

238 2021 291 2083 illa
305 2021 401 2104 patris
417 2022 590 2106 cervicibus
614 2023 808 2088 inhaerebat!
831 2034 868 2086 nt
892 2045 950 2087 nos
970 2019 1088 2086 amicos
1109 2029 1259 2104 paternos

234 2153 266 2207 et
289 2154 429 2206 aaranter
454 2154 486 2206 et
509 2145 648 2208 modestb
671 2144 958 2230 complectebatur!
988 2151 1024 2206 nt
1049 2141 1201 2222 nutrices,
1222 2149 1258 2208 nt

235 2261 437 2358 paedagogos,
469 2275 504 2328 ut
532 2276 752 2352 praeceptores,
784 2288 840 2352 pro
875 2287 933 2334 suo
964 2286 1119 2351 quamque
1148 2263 1265 2344 officio,

234 2387 408 2472 diligebatl
433 2391 525 2474 qubm
548 2388 698 2468 studioso,
717 2392 812 2474 qubm
838 2389 1051 2472 intelligenter
1074 2385 1256 2452 lectitabat!

234 2520 270 2576 ut
285 2515 375 2596 paret
392 2511 611 2598 custodithne
626 2511 772 2575 ludebat!
796 2516 858 2596 qut
885 2511 939 2574 illu
961 2509 1177 2595 temperuntil,
1192 2513 1257 2595 qut

235 2631 481 2720 patientil,q11t
504 2632 598 2696 etiarn
623 2632 801 2696 constantin
825 2631 1024 2698 novissimam
1050 2630 1259 2730 valetudinem

234 2727 330 2819 tulit!
357 2754 484 2818 uredinis
499 2757 742 2840 obsequebatur,
766 2775 914 2836 sororem,
934 2765 1054 2838 patrem
1071 2755 1260 2820 adhortaba-

232 2845 295 2956 tur,
329 2877 490 2962 ipsamque
517 2899 550 2942 se
574 2878 756 2942 destitutam
784 2877 924 2962 eorporis
948 2877 997 2941 sui
1019 2876 1137 2942 viribus
1152 2875 1257 2962 τίμα

232 2999 329 3064 animi
354 2999 539 3062 sustinebat.
582 2999 719 3064 Duravit
742 2998 796 3063 bic
819 2998 866 3062 illi
888 2999 1044 3086 usquead
1069 3009 1255 3074 extremum,

232 3145 291 3188 nec
306 3133 360 3187 aut
375 3122 476 3208 spatio
491 3123 689 3202 valetudinis,
714 3133 768 3187 ant
783 3131 870 3187 metu
885 3121 994 3186 mortis
1014 3119 1167 3186 infractus
1185 3131 1253 3192 esta

229 3269 293 3332 quo
316 3247 421 3331 plures
447 3245 664 3330 gravioresque
680 3243 770 3310 nobis
786 3265 895 3308 causas
916 3244 1107 3328 relinqueret
1121 3253 1154 3308 et
1172 3241 1252 3308 desi·

228 3365 305 3430 derii
329 3377 361 3430 et
386 3363 515 3430 doloris.
559 3366 588 3428 O
615 3365 703 3430 triste
725 3367 817 3452 plant
843 3367 1051 3452 acerbumque
1077 3365 1194 3429 sunus!
1220 3363 1249 3426 0

228 3495 328 3548 morte
353 3485 420 3570 ipsl
446 3484 554 3548 mortis
571 3493 697 3569 tempus
713 3483 896 3568 indignius!
919 3483 992 3548 Jam
1013 3481 1168 3548 destinata
1189 3493 1252 3546 erat

228 3605 490 3692 egregiojnveni,
511 3603 578 3691 jam
602 3607 721 3670 electus
749 3605 928 3692 nuptiarum
944 3605 1021 3686 dies,
1038 3603 1107 3690 jam
1121 3625 1180 3668 nos
1194 3624 1248 3666 ro-

425 553 688 649 'ltnnurrrnrnu
704 551 818 616 Errsr.
833 547 923 616 XVI.
944 547 1016 614 Lib.
1031 545 1070 612 v.

226 3728 298 3796 cati.
343 3729 437 3797 Quod
461 3728 610 3811 gaudium
638 3749 701 3814 quo
727 3749 863 3793 moerore
893 3737 1050 3792 mutatum
1074 3729 1148 3792 esti
1178 3725 1251 3790 Nou

223 3871 350 3932 possunt
379 3848 551 3934 exprimere
567 3850 681 3930 verbis,
697 3817 849 3935 qllantum
865 3850 970 3916 animo
985 3851 1101 3916 vulunr
1116 3869 1247 3936 recope-
