2738 4502
522 259 577 327 Eu
600 259 733 327 Ltvt0.
1082 263 1146 340 217

77 433 252 519 fidenam
274 431 378 515 soteri
399 435 522 516 scireut,
550 436 678 500 inermes
710 455 779 499 cum
810 433 940 522 siugulis
960 435 1144 502 uestimentis

83 561 143 624 sut
155 555 276 646 jugum
297 558 481 622 usissurttm:
505 557 586 622 ulios
610 557 796 623 conditiones
816 557 904 641 posis
926 579 1030 644 equus
1053 559 1143 626 uictis

85 673 307 750 assistoribus
320 681 417 766 som
439 685 467 748 si
489 703 568 770 ugru
593 681 774 749 Samnitium
790 651 994 764 decederetur,
1014 683 1140 748 cubuisse

81 809 316 888 abducerentur,
337 807 401 874 suis
422 809 529 873 deinde
553 807 668 895 iegibus
699 809 875 874 Romanum
900 829 939 872 ue
968 807 1138 873 Sumuitem

85 949 175 1016 ouem
181 929 303 1014 fudere
328 931 488 996 uicturum.
535 929 598 996 His
620 933 837 997 condition-ibus
857 941 1006 1016 puratum
1025 953 1060 996 se
1074 951 1138 996 esse

73 1053 186 1136 soedus
199 1075 268 1118 eum
290 1053 468 1120 Consulibus
481 1051 602 1137 ferire:
625 1053 746 1140 siquid
769 1024 1069 1138 eomm'otspttcem,
1093 1033 1142 1118 le-¹

81 1187 179 1264 getes
190 1177 291 1241 redire
312 1177 405 1241 adse
425 1179 535 1242 uetuit.
582 1179 664 1242 Haee
689 1199 786 1263 quum
803 1179 918 1264 legatio
934 1179 1135 1244 renunciare·

86 1309 151 1378 tur,
167 1307 275 1362 tantus
299 1297 437 1382 gemitus
459 1299 605 1362 omnium
629 1300 735 1363 subito
757 1309 885 1364 exortus
907 1311 968 1380 est,
984 1311 1134 1386 tantaque

88 1419 242 1485 moestitis
257 1419 397 1499 incessit,
424 1429 461 1484 ut
483 1441 548 1484 non
572 1421 697 1504 gravius
712 1421 871 1506 accepturi
895 1421 1087 1504 viderentur,
1109 1421 1136 1488 si

89 1541 293 1608 nunciaretur
316 1541 467 1608 omnibus
494 1563 533 1604 eu
556 1533 629 1605 loco
656 1551 793 1606 mortum
817 1543 1030 1628 oppetendam
1054 1563 1134 1608 esse.

89 1667 201 1736 Quum
217 1663 272 1728 'tiu
285 1665 450 1730 silentium
464 1664 587 1744 fuisset,
610 1686 668 1728 nee
684 1665 832 1728 consules
854 1676 910 1728 sut
933 1684 994 1751 pro
1010 1665 1132 1730 foedere

91 1801 157 1855 t'sm
175 1787 273 1875 turpi,
287 1799 342 1862 sut
358 1801 468 1854 contra
483 1789 589 1854 foedus
604 1799 666 1853 tam
681 1789 1038 1868 necessarium,hisuere
1053 1811 1130 1876 pos·
1156 1759 1167 1772 ,

91 1921 188 1989 sent3
212 1919 282 1974 tum
299 1910 337 1974 L.
353 1911 522 1988 Lentulus,
538 1910 593 1994 qui
609 1920 678 1974 tum
693 1909 839 1995 princeps
862 1911 1041 1992 legatorum
1063 1908 1127 1973 vir·

91 2042 162 2098 tute
186 2027 282 2115 atque
297 2027 472 2094 honoribus
491 2041 579 2109 erat3
604 2027 735 2094 Putrem
751 2051 863 2108 romeu,
882 2029 997 2114 inquit,
1015 2029 1132 2094 Conso-

94 2151 149 2231 les‚
165 2169 251 2235 supe
264 2149 607 2230 audiuimmsoruutem,
622 2171 655 2216 se
669 2151 702 2215 iu
716 2151 866 2235 Capitolio
883 2171 973 2216 usuum
994 2171 1054 2216 uos
1069 2149 1129 2234 so-

82 2263 149 2338 'isss
181 2281 337 2338 doctorem
357 2273 477 2338 senatui
506 2273 690 2338 rettmmdoe
713 2275 832 2338 aoros
861 2271 962 2338 Gutts
987 2271 1129 2352 ciuitatis,

84 2395 212 2484 quondo
233 2417 288 2461 osc
304 2389 398 2477 sossd
412 2392 551 2481 uultuque
566 2399 606 2460 ub
628 2395 827 2481 ignotissimo
843 2397 885 2460 ud
900 2413 992 2478 opero
1006 2417 1043 2460 uc
1058 2417 1122 2460 ›sst-

92 2520 237 2586 uieudum
258 2517 343 2582 hoste
367 2517 463 2582 ctuosi
484 2527 604 2584 essent.-
627 2527 657 2580 et
672 2521 825 2600 erumpere
846 2519 872 2580 si
892 2539 950 2581 oon
964 2517 1028 2582 sine
1046 2519 1128 2600 peri·
1206 2509 1213 2520 ’

91 2643 161 2708 celo
176 2663 301 2729 mogus,
317 2653 420 2706 tusam
434 2641 498 2710 stne
512 2639 595 2706 certd
606 2641 736 2724 pernicie
752 2650 884 2723 possent.
923 2641 1014 2712 Quod
1036 2642 1072 2721 si,
1090 2649 1123 2704 st

92 2765 167 2845 iliis,
190 2763 347 2830 decurrere
368 2763 406 2830 eu'
431 2761 583 2848 Capitolio
611 2762 739 2826 urntutis
758 2761 788 2825 iu
810 2762 923 2828 hostem
946 2761 1029 2830 licuit
1051 2761 1128 2850 (quo

90 2903 175 2972 scope
192 2887 282 2952 modo
304 2885 415 2950 obsessi
435 2885 467 2948 iu
489 2885 657 2950 obsidentes
673 2889 851 2968 eruperunt)
876 2883 921 2948 itu
936 2886 1022 2950 uobis
1042 2905 1128 2972 uqssu

89 3019 148 3076 eut
162 3009 263 3094 istique
277 3007 341 3074 toco
358 3007 524 3074 meanti
540 3009 748 3104 tautummodo
762 3027 830 3073 cum
845 3007 1026 3091 hostecopio
1039 3017 1128 3088 esset,

89 3153 157 3198 eron
177 3131 252 3196 esitii
268 3131 392 3216 putemi
413 3131 507 3220 animi
534 3129 652 3196 indoles
672 3133 704 3196 iu
727 3127 847 3198 comilis
874 3133 977 3196 duodo
1004 3099 1130 3198 deesset.

89 3239 253 3343 Equidem
269 3265 397 3320 mortem
415 3275 474 3338 pro
485 3257 591 3338 putrid
608 3253 793 3338 pomulorum
806 3271 870 3324 esse
882 3251 1012 3338 suteor:
1038 3263 1067 3320 et
1084 3275 1133 3318 me

91 3379 143 3446 oet
158 3379 302 3444 deuouere
319 3399 377 3462 pro
394 3377 507 3462 populu
528 3377 670 3443 Rossuuu
686 3355 919 3464 ieigiuoiousque,
941 3377 990 3442 uei
1009 3379 1042 3440 io
1064 3399 1129 3441 me-

17 3569 24 3580 ,
92 3501 164 3564 dius
189 3522 238 3563 me
258 3499 420 3566 immittere
441 3499 540 3563 hostes
559 3507 690 3584 perotus
711 3519 789 3564 sum.
835 3497 897 3564 Sed
928 3499 975 3564 iu‘c
993 3497 1132 3582 putrium

89 3623 204 3690 tideo.-
225 3621 276 3688 etc
296 3621 440 3709 ustisquid
462 3622 847 3708 Romanurmniegiunum
869 3631 925 3686 est.
972 3621 1052 3696 Qrsoe
1067 3617 1132 3693 sisi

86 3767 151 3832 pro
164 3767 197 3812 se
210 3747 286 3831 ipsis
300 3747 344 3812 od
354 3755 482 3810 mortem
497 3765 582 3810 ruere
596 3745 710 3824 volunt,
726 3748 800 3830 quid
815 3745 924 3810 hubent
942 3747 1021 3830 qstud
1034 3759 1130 3818 oreste

89 3873 153 3937 mu
169 3866 316 3935 seruerit?
344 3869 439 3934 Teste
463 3869 553 3948 urbis,
571 3869 656 3934 dicut
679 3867 798 3954 uliquis,
822 3881 851 3934 et
876 3871 998 3951 moeuiu,
1014 3883 1043 3934 et
1061 3891 1130 3936 eum

591 3989 651 4056 Ft
