2756 4484
253 115 317 244 aa
661 111 889 230 susanna

291 339 353 420 Ac,
368 357 408 404 ne
423 335 505 404 sorte
520 331 645 418 uiuere,
666 357 734 420 cur,
758 337 833 400 cum
859 331 939 400 mihi
954 353 1040 422 sape
1061 333 1264 406 ostenderis
1281 349 1313 402 te

253 458 484 526 accuratissime
501 471 680 526 nostrorum
695 469 875 546 temporum
895 455 1027 524 consilia
1047 429 1150 546 utque
1166 475 1315 526 eventus

252 581 350 648 literis
373 582 606 662 mundaturum,
632 585 651 648 l
666 593 698 648 te
713 573 744 648 id
759 603 845 648 nunc
860 591 1024 668 tantopere
1046 593 1081 645 ct
1096 579 1170 648 mm
1188 584 1311 648 multis

251 703 354 770 verbis
369 715 536 792 petamus5
561 705 615 770 illa
630 725 687 771 nos
704 703 860 792 cupiditas
875 693 1027 784 incendit,
1047 701 1089 769 de
1110 709 1181 790 qut
1206 691 1307 770 initio

250 827 372 916 scripsi,
384 827 606 908 festinationis,
619 827 705 916 qubd
716 829 832 892 alacres
843 825 950 892 animo
962 845 1097 908 sumus,
1121 837 1164 891 ut
1180 839 1218 892 et
1237 851 1302 894 cie·

252 949 321 1032 teri,
347 949 526 1014 viventibus
550 949 654 1030 nobis,
680 969 720 1015 ex
742 947 840 1014 literis
860 947 924 1014 tuis
939 971 997 1014 uos
1021 960 1251 1034 cognoscant,
1274 962 1304 1015 et

252 1071 438 1158 nosmetipsi
452 1069 513 1136 vici
528 1071 662 1158 glorioll
676 1069 783 1138 nostrl
797 1073 1004 1159 perfruamur.
1049 1071 1114 1136 llis
1138 1073 1187 1137 de
1202 1075 1304 1140 rebus

250 1193 327 1280 quid
342 1205 468 1260 acturus
483 1193 539 1275 sis,
564 1194 591 1259 si
610 1195 668 1260 tibi
684 1216 749 1260 non
765 1205 813 1260 est
828 1197 1009 1276 molestum,
1031 1195 1194 1260 rescribas
1220 1191 1304 1262 milii

251 1315 359 1382 uelim.
403 1316 537 1383 sienim
554 1317 686 1406 suscipis
705 1339 844 1400 causam,
861 1317 1026 1383 conficiam
1039 1321 1302 1386 commentarios

251 1461 356 1506 reruni
381 1439 538 1506 omnium.
582 1439 640 1506 Sin
665 1454 770 1506 autem
797 1440 902 1507 differs
925 1463 976 1506 mc
992 1440 1175 1530 intempns
1203 1445 1301 1526 aliud,

251 1583 356 1628 coram
372 1573 478 1629 tecum
494 1565 614 1648 loquar.
657 1561 709 1628 Tu
725 1563 845 1630 interea
859 1585 925 1629 non
940 1563 1087 1646 cessabis,
1111 1577 1147 1631 et
1162 1589 1208 1634 ea
1229 1591 1302 1656 quie

251 1685 348 1752 lrabcs
363 1683 510 1754 instituta
524 1683 692 1774 perpolies,
710 1709 829 1773 nosque
844 1685 969 1772 diliges.
1005 1683 1096 1756 Vale.

682 1903 854 1970 ...4-

357 2105 617 2176 Aaouuauruu
630 2103 745 2172 Ecisr.
759 2103 849 2172 XVI.
870 2106 944 2174 Lib.
960 2103 1002 2174 V.
1016 2105 1056 2174 ud
1071 2105 1184 2176 FAM.

251 2293 592 2377 sacrolateranensi,
615 2296 729 2362 obitum
753 2295 913 2364 &morum
934 2297 1165 2366 immoderatids
1179 2299 1289 2384 ferea-

734 2433 804 2488 lem.

480 2581 530 2648 M.
540 2582 580 2648 T.
603 2580 768 2648 CICERO
804 2579 928 2648 TITIO
963 2579 999 2646 S.
1009 2579 1057 2647 D.

254 2709 389 2830 ETSI
410 2783 495 2832 uuus
509 2787 547 2830 er
562 2763 710 2830 omnibus
726 2763 857 2829 minime
873 2763 992 2828 samad
1004 2775 1035 2829 te
1050 2765 1283 2832 consolandum

248 2875 515 2958 accommodatus,
540 2875 625 2962 qubd
650 2885 775 2942 tantum
796 2897 836 2940 cx
860 2875 924 2940 tuis
948 2875 1102 2941 molestiis
1131 2877 1202 2963 cepi
1224 2879 1284 2943 do·

248 2997 333 3079 loris,
349 3009 385 3064 ut
407 2997 623 3063 consolatione
640 2999 707 3085 ipse
722 3021 868 3084 cgerem3
892 3007 998 3066 tamen
1015 3001 1088 3064 cum
1112 3001 1240 3085 longios
1264 3007 1281 3066 i

249 3121 364 3188 summi
386 3123 491 3186 luctus
516 3119 684 3186 acerbitate
707 3143 796 3186 meus
818 3124 942 3188 abesset
964 3121 1054 3190 dolor
1073 3125 1170 3208 quim
1199 3135 1280 3204 tuus,

247 3247 342 3310 statui
360 3255 475 3310 nostrae
488 3243 732 3308 necessitudinis
748 3267 826 3324 csse,
839 3265 981 3330 nreaeque
997 3244 1030 3310 in
1044 3257 1075 3309 te
1087 3246 1280 3312 benevolen-

245 3365 310 3446 tim,
332 3387 396 3431 non
418 3375 521 3430 tacere
542 3365 686 3432 tantuin
709 3377 766 3430 tuo
787 3387 922 3432 moerore
938 3363 1083 3446 tamdiu,
1110 3367 1167 3432 sed
1189 3369 1277 3434 adhi-

244 3489 318 3552 bere
333 3490 469 3574 aliquam
483 3488 642 3554 modicam
654 3487 918 3568 consolationem,
935 3509 1006 3575 quse
1021 3489 1123 3556 levare
1135 3489 1275 3558 dolorem

244 3621 335 3676 tuum
350 3623 470 3696 posset,
485 3611 630 3678 siminus
645 3603 753 3676 sannis
768 3611 936 3698 potuisset.

288 3729 349 3798 Est
375 3743 481 3796 autem
506 3731 682 3798 consolatio
704 3735 887 3818 pervulgata
911 3733 1037 3819 quidem
1060 3731 1116 3800 illa
1131 3737 1274 3814 maximi,

248 3875 342 3942 quam
356 3839 480 3942 semper
495 3855 527 3920 in
543 3875 597 3920 ore
610 3867 705 3944 atque
717 3855 751 3922 in
761 3857 868 3923 animo
883 3855 999 3924 habere
1013 3855 1189 3926 debemus:
1206 3857 1271 3924 llo
