2804 4524
476 317 772 396 ‘cinerosa
845 339 862 378 ν
1120 337 1141 398 s

115 491 296 565 eommunis
306 489 466 564 commodi
476 507 581 584 cause,
593 503 751 568 sedetiam
762 501 857 568 vitam
872 501 1075 568 amittendam
1085 525 1141 570 ex-

110 611 308 688 istimarent:
332 623 389 709 qut
405 617 532 689 tandem
547 627 614 690 fieri
629 625 747 711 potuit,
763 624 824 690 nisi
840 626 986 690 homines
1001 648 1048 706 ea,
1063 649 1139 712 quae

110 745 229 810 ratione
240 744 447 825 invenissent,
453 746 635 830 eloquentie
646 745 833 831 persuadere
840 745 1019 830 potuissent
1034 749 1045 810 i
1060 745 1138 810 Pro-

110 859 315 948 fecto'neino,
325 869 387 932 nisi
397 865 486 953 gravi
501 889 538 932 ac
549 867 640 932 soavi
649 881 827 934 commotus
839 869 991 949 oratione,
1003 872 1078 932 crim
1090 869 1137 932 vi-

111 989 195 1054 ribus
207 991 384 1078 plurimirm
398 991 563 1076 posset,ad
570 989 624 1077 jus
637 993 791 1056 voluisset
803 992 913 1086 sineri
925 991 1114 1056 descendere
1129 1015 1137 1055 ε

111 1121 158 1193 at,
167 1114 252 1178 inter
264 1135 344 1198 quos
355 1107 464 1206 posse't
475 1117 640 1193 excellere,
655 1137 729 1180 cum
741 1115 779 1180 iis
792 1137 825 1178 se
836 1125 996 1201 pateretur
1009 1115 1137 1200 equari,

113 1245 144 1300 et
172 1243 232 1302 sut
260 1239 425 1300 voluntate
456 1241 475 1300 b
499 1233 730 1321 jucundissima
756 1237 986 1302 cousuetudine
1012 1237 1140 1302 recede-

113 1369 205 1440 reret,
234 1381 308 1445 quae
334 1357 510 1446 praesertim
530 1357 597 1443 jam
623 1370 745 1423 naturae
770 1359 834 1422 vim
858 1361 1016 1424 obtineret
1040 1381 1137 1447 prop-

111 1489 156 1544 ter
177 1489 381 1545 vetustatem.
406 1481 454 1542 Ac
468 1479 571 1563 primb
586 1477 715 1563 quidem
731 1477 776 1540 sic
791 1489 824 1542 et
839 1489 913 1542 nata
928 1489 960 1542 et
972 1499 1137 1563 progressa

112 1603 236 1687 longibs
252 1601 436 1688 eloquentia
450 1599 574 1666 videtur
588 1623 598 1678 3
622 1600 743 1663 etitem
756 1609 867 1684 postea
880 1600 1024 1664 maximis
1035 1599 1070 1664 in
1085 1621 1136 1664 re·

114 1725 171 1790 bus
185 1715 278 1812 pacis
291 1735 323 1790 et
337 1723 413 1789 belli
429 1745 502 1788 cum
519 1722 651 1788 summis
674 1721 841 1786 hominurn
864 1721 1055 1788 utilitatibus
1070 1745 1139 1786 esse

112 1859 240 1915 versata

155 2056 331 2144 Postquam
346 2060 419 2122 verb
431 2057 638 2124 commoditas
650 2057 808 2143 quaedam,
823 2079 916 2142 prava
929 2055 1056 2122 virtutis
1070 2055 1142 2120 imi-

115 2181 215 2263 tatrix,
230 2182 302 2246 sine
316 2181 437 2246 ratione
452 2182 558 2262 officii,
578 2181 703 2246 dicendi
726 2181 850 2267 copiam
870 2189 1041 2246 consecuta
1067 2191 1138 2262 est;

115 2307 180 2364 tum
195 2299 327 2384 ingenio
342 2301 420 2364 freta
434 2299 563 2378 malitia,
578 2311 754 2385 pervertere
769 2301 873 2378 urbes,
890 2311 922 2363 et
937 2299 1017 2366 vitas
1029 2299 1137 2368 homi-

117 2443 191 2488 nnm
212 2425 402 2492 labefactare
419 2425 568 2488 assuevit.
604 2431 710 2510 Atque
724 2424 819 2512 hujus
832 2447 958 2512 quoquc
971 2423 1135 2514 exordium

117 2548 198 2628 mali,
206 2547 358 2634 quoniam
368 2545 560 2632 principium
570 2546 646 2610 boni
658 2546 807 2626 diximus,
818 2546 1023 2631 explicemus.
1047 2545 1138 2608 Veri-

119 2667 311 2734 similiimum
327 2667 406 2732 mibi
420 2667 553 2742 videtur,
565 2667 700 2754 quodam
716 2679 856 2753 tempore
869 2689 972 2752 neque
988 2667 1019 2731 in
1032 2666 1139 2752 publi-

120 2790 164 2858 cis
174 2795 267 2856 rebus
282 2793 420 2856 infantes
434 2799 465 2854 et
477 2775 663 2875 insipientes
677 2790 821 2853 homines
835 2789 944 2852 solitos
957 2811 1025 2853 esse
1038 2815 1140 2858 versa-

123 2911 159 2990 ri,
173 2935 232 2979 nec
247 2913 321 2976 verb
336 2909 374 2973 ad
389 2909 523 2995 privatas
538 2931 647 2974 causas
660 2929 792 2994 magnos
805 2929 841 2972 ac
853 2909 983 2976 disertos
996 2911 1142 2978 homines

123 3039 285 3104 accedere:
301 3040 357 3104 sed
369 3041 440 3102 cbrn
453 3042 472 3101 b
483 3035 615 3100 summis
631 3033 704 3097 viris
720 3033 864 3098 maxirnae
878 3057 927 3098 res
942 3035 1140 3102 administra-

122 3172 238 3244 rentur,
250 3161 383 3226 arbitror
398 3159 475 3224 alios
492 3159 589 3222 fuisse
607 3179 670 3220 nou
686 3155 848 3220 incallidos
865 3157 1020 3238 homines,
1033 3161 1087 3246 qui
1103 3163 1141 3226 ad

120 3299 223 3362 parvas
247 3279 473 3346 controversias
500 3278 693 3363 privatorum
718 3277 913 3340 accederent.
958 3280 1082 3347 Quibus
1108 3280 1139 3342 in

122 3399 337 3464 controversiis
352 3401 424 3463 ebm
437 3419 520 3484 saepe
535 3401 553 3460 b
569 3395 731 3460 mendacio
746 3407 855 3460 eontra
870 3413 987 3459 verum
998 3399 1142 3464 homines

122 3531 198 3586 stare
212 3533 466 3602 consuescerent,
481 3520 606 3584 dicendi
628 3520 792 3584 assiduitas
816 3521 895 3584 aluit
918 3521 1089 3602 audacium,
1107 3535 1141 3588 ut

124 3643 292 3707 necessario
304 3643 480 3728 superiores
503 3643 548 3707 illi
570 3653 696 3727 propter
725 3640 854 3726 injurias
869 3643 983 3707 civium
997 3645 1141 3709 resistere

125 3761 301 3846 audacibus,
317 3777 349 3830 et
360 3765 506 3852 opitulari
518 3764 581 3830 suis
594 3765 727 3849 quisque
741 3765 921 3830 necessariis
946 3779 1143 3850 cogeremur.

124 3882 228 3973 ltaque
238 3891 310 3954 cbm
324 3889 356 3952 in
368 3889 502 3954 dicendo
515 3911 598 3974 saepe
612 3910 678 3974 par,
694 3909 922 3972 noummqrmm
937 3891 1027 3952 cri-rm
1046 3915 1141 3976 supe-
