2756 4484
467 237 521 304 Eo
543 235 781 304 CICERONE.
1074 239 1137 300 895

90 411 259 480 exstitisse
268 411 411 478 mirabile
419 421 479 491 est,
492 432 587 496 quem
600 431 660 494 ego
669 429 807 488 currum,
819 417 874 472 uut
888 423 983 494 quum
995 407 1132 472 lauream

87 535 241 602 cum-tut
253 531 435 598 laudatione
447 531 646 596 conferrem?
671 529 755 594 Nam
770 529 808 593 ad
824 547 931 591 meum
948 547 1085 607 sensum,
1098 535 1132 590 et

89 655 133 720 ud
163 653 244 720 illud
267 653 426 718 sincerum
450 674 486 716 ac
501 649 619 718 subtile
640 649 812 738 judicium,
831 649 911 716 nibil
932 659 1038 737 potest
1061 667 1131 718 esst

89 777 302 858 laudabilius,
324 780 421 862 quim
435 797 473 840 ea
486 785 542 840 tuo
561 775 671 856 oratio,
686 796 760 860 quio
780 775 882 840 estod
897 795 948 836 me
959 771 1132 858 perscripta

89 903 110 963 b
127 897 212 962 meis
228 897 422 962 necessariis.
453 896 516 962 Sed
530 915 655 976 causam
672 916 751 959 mcae
767 893 950 974 voluntatis,
966 915 1030 958 nou
1044 891 1131 956 euim

90 1020 202 1084 dicam
218 1017 411 1104 cupiditatis,
435 1017 566 1104 exposui
589 1017 648 1082 tibi
676 1017 886 1103 superioribus
911 1014 1028 1096 literis;
1058 1035 1131 1104 qum

89 1141 194 1207 etium
210 1140 237 1206 si
251 1143 361 1226 purum
372 1138 459 1226 justa
475 1139 532 1206 tibi
547 1140 614 1204 visa
628 1149 687 1222 est,
703 1139 786 1204 hunc
802 1150 907 1206 tamen
921 1137 1017 1204 habet
1031 1138 1128 1204 ratio-

92 1285 188 1343 nrm,
203 1285 280 1344 uon,
294 1272 332 1327 ut
347 1261 440 1326 nimis
456 1261 727 1348 concupiscendus
742 1261 856 1341 honos,
877 1261 933 1326 sod
958 1273 1077 1342 tamen,
1102 1260 1129 1328 si

89 1385 258 1452 deteratur
287 1387 306 1448 u
339 1394 463 1464 senatu,
487 1381 618 1448 minime
645 1379 856 1468 aspernandus
883 1403 950 1448 esse
976 1381 1129 1448 videatur.
1197 1429 1203 1446 ,

86 1509 196 1597 Spero
216 1517 333 1585 autem,
359 1505 450 1570 illum
476 1505 630 1586 ominem,
653 1524 711 1589 pro
733 1502 811 1570 meis
834 1505 875 1568 ob
899 1503 1126 1590 rempubb'cruu

91 1629 258 1718 susceptis
284 1629 456 1712 laboribus,
493 1651 544 1694 rue
571 1651 637 1696 nou
660 1627 828 1714 iudignum
855 1627 987 1710 honore,
1014 1629 1130 1696 usitato

91 1749 286 1839 presertim,
301 1749 566 1816 existimaturum.
609 1748 705 1822 Quod
719 1749 746 1814 si
760 1748 887 1830 tuerit,
902 1751 1027 1816 tuntum
1041 1769 1081 1816 ex
1094 1759 1127 1818 te

89 1881 183 1960 peto,
199 1869 283 1957 quod
298 1869 489 1936 amicissimo
502 1869 625 1952 scribis,
646 1879 695 1952 ut,
715 1891 789 1936 cum
811 1881 868 1934 tuo
886 1867 1021 1956 judicio,
1040 1871 1127 1958 quod

93 1992 332 2082 amplissimum
358 2013 428 2060 esse
452 1991 619 2074 arbitraris,
640 1990 718 2058 mihi
741 1991 885 2058 tribueris
897 2017 907 2074 ;
937 1993 965 2060 si
978 1993 1022 2077 id,
1043 1994 1129 2082 quod

93 2119 253 2199 maluero,
276 2117 403 2200 accidit,
424 2117 572 2204 gaudeus.
615 2115 670 2182 Sic
691 2115 778 2185 eruim
800 2117 914 2184 iecisse
938 2129 982 2201 te,
1007 2129 1040 2186 ct
1056 2142 1130 2188 seu·

95 2238 190 2320 sisse,
215 2245 248 2302 et
272 2236 436 2324 scripsisse
458 2236 562 2320 video,
583 2259 696 2324 resque
715 2237 785 2324 ipsu
803 2237 951 2321 declarat,
966 2239 1024 2308 tibi
1037 2240 1129 2308 ilium

95 2365 255 2432 honorem
277 2375 424 2428 nostrum
453 2363 690 2450 supplicationis
709 2363 889 2449 jucundum
911 2366 1021 2450 furioso,
1043 2358 1129 2456 qubd

96 2479 269 2548 scribendo
283 2479 409 2545 utt‘uisti.
454 2479 537 2544 Huc
551 2479 636 2544 euim
651 2487 923 2548 senatusconsulto
938 2497 1002 2550 non
1016 2485 1130 2570 ignoro

95 2609 139 2672 sb
156 2601 353 2668 amicissimis
373 2599 452 2688 ejus,
467 2598 557 2687 cujus
572 2602 611 2666 dc
632 2602 751 2670 honore
765 2603 880 2690 agitur,
900 2606 996 2674 scribi
1015 2581 1128 2677 solere.

97 2725 188 2812 Ego,
207 2732 243 2788 ut
256 2741 359 2810 spero,
380 2731 412 2788 te
425 2720 608 2810 propediem
623 2721 746 2806 videbo,
764 2735 859 2814 utque
876 2726 995 2796 utinum
1009 2735 1128 2818 ropub·

98 2845 162 2914 lieu
177 2843 316 2928 meliore,
330 2845 427 2932 quim
441 2841 550 2910 timeo.
592 2841 682 2911 vate.
