2724 4494
273 253 338 313 nst
606 237 660 306 Er
682 241 721 306 C.
742 237 974 308 consumo

271 409 445 484 irrisorio?
476 413 534 480 citi
566 407 645 478 subtr
674 415 818 501 ignotam
835 411 937 496 saitae
963 415 1112 480 amdam
1143 406 1291 482 Nuptis-⁰

279 543 386 630 Neque
399 543 485 610 ulium
496 561 660 626 supeream,
679 551 752 624 prust
770 551 900 606 monera
912 539 1103 627 fratremque
1117 541 1289 626 erasmo.

277 661 423 754 qudm'ut
446 663 618 730 educatoris
642 661 895 749 preceptorrquue
916 655 1017 726 neena
1037 661 1201 750 edicam.
1240 663 1292 728 lbi

276 790 347 854 baec
360 797 455 876 atque
470 783 545 852 talis
558 785 644 850 uelut
664 783 698 848 iu
713 803 884 851 commuue
898 781 1058 866 disseruit,
1079 787 1290 873 complectitur

276 929 419 978 uxorem.
462 907 507 976 Et
535 909 666 994 paulum
693 907 841 972 adversus
863 915 1053 992 mntem
1079 907 1286 974 fortitudinem

276 1032 429 1112 mollitus,
454 1039 546 1118 rogat
566 1041 705 1116 oratque,
728 1019 918 1126 temperaret
938 1029 1052 1110 dolori,
1074 1049 1119 1096 ue
1146 1043 1287 1097 setemnn

275 1155 469 1243 susciperet,
491 1153 546 1219 sed
558 1153 591 1218 iu
604 1151 873 1240 contemplatione
887 1153 961 1219 vitra
976 1170 1032 1240 per
1043 1153 1197 1220 virtutem
1211 1167 1287 1232 acte,

278 1277 467 1344 desiderium
483 1275 586 1342 maest
601 1275 719 1342 solatiis
735 1275 877 1342 honestis
895 1277 1053 1342 toleraret.
1097 1279 1161 1344 llla
1183 1281 1286 1354 couri,

275 1397 335 1464 sibi
362 1419 489 1484 quoque
515 1395 703 1462 destinatam
738 1403 873 1460 nonem
899 1395 1071 1479 adseverat,
1106 1413 1285 1484 manumque

275 1526 466 1616 percussoris
488 1515 642 1613 exposcit.
684 1523 770 1592 Tum
792 1525 923 1608 Seneca,
939 1527 1047 1614 gloria
1069 1527 1142 1616 ejus
1165 1551 1229 1594 nou
1242 1529 1285 1592 ad·

275 1669 395 1730 versus,
417 1641 513 1712 simul
528 1669 646 1729 amore,
665 1667 707 1712 ne
729 1643 790 1711 sibi
813 1649 906 1714 unice
932 1645 1086 1714 delectam
1111 1651 1152 1716 ad
1174 1651 1283 1738 injurias

273 1779 464 1866 relinqueret
475 1800 486 1858 ;
515 1769 603 1858 Vltor,
623 1775 738 1864 inquit,
759 1771 951 1842 delirrimeuta
971 1789 1215 1882 moneboocrom
1234 1780 1281 1856 tili,

276 1913 309 1968 tu
323 1903 430 1968 mortis
444 1902 536 1968 dates
548 1903 655 1966 noea.
702 1897 773 1966 Non
794 1899 930 1966 invidebo
951 1899 1097 1986 exemplo.
1147 1903 1196 1969 Sit
1215 1903 1284 1988 lurjrs

193 2001 199 2008 ¹
273 2037 338 2090 tam
351 2021 449 2108 sortis
471 2025 570 2090 esitato
584 2025 754 2090 coustantio
774 2037 1019 2114 praeclarosque
1039 1997 1109 2116 por,
1138 2033 1277 2098 claritudi-

274 2147 321 2211 uis
334 2145 405 2232 plus
417 2146 450 2210 iu
465 2143 599 2226 taofiree.
645 2141 820 2232 Postque,
836 2149 946 2213 eodem
973 2149 1040 2216 ictu
1064 2155 1194 2224 brachia
1217 2157 1279 2219 terro

276 2270 455 2338 exsolvunt.
493 2271 624 2352 Seneca,
639 2271 787 2360 quoniam
804 2273 901 2340 senile
917 2297 1042 2362 corpus,
1057 2289 1089 2343 ct
1103 2305 1201 2368 parvo
1215 2279 1280 2343 victu

275 2403 452 2476 tenuatum,
473 2397 561 2474 lenta
582 2395 697 2482 effugia
716 2397 863 2484 sanguini
886 2403 1058 2486 prebebat,
1074 2428 1276 2492 crurumque

274 2539 337 2606 que
359 2531 392 2584 et
412 2519 572 2608 poplitum
598 2543 693 2585 venas
715 2523 887 2610 abrumpit.
931 2525 1277 2614 Saevisquecrnciatibus
1327 2535 1328 2580 ἒ

278 2641 433 2726 defessus,
447 2663 488 2708 ne
503 2643 610 2708 dolore
623 2667 680 2708 suo
694 2643 835 2710 uminum
861 2648 966 2713 uxoris
983 2633 1181 2737 infringeret,
1203 2667 1275 2739 amoc
1327 2621 1328 2636 ¹

276 2763 342 2848 ipse
357 2763 489 2840 visendo
505 2763 573 2852 ejus
598 2753 765 2846 tormenta,
785 2767 824 2832 ad
839 2767 1067 2856 impatientiam
1092 2775 1276 2846 delaberetur,

275 2881 388 2946 suadet
402 2881 436 2946 iu
448 2855 533 2948 aliud
548 2883 732 2950 cubiculum
749 2889 942 2954 abscederet.
976 2889 1020 2956 Et
1035 2893 1205 2972 nouissimo
1215 2911 1277 2980 qno·

272 3022 334 3088 quc
349 3013 512 3067 momento
527 3003 748 3092 suppeditante
761 3009 955 3096 eloquentie,
980 3013 1139 3081 aduocatis
1165 3017 1274 3102 scriptu·

272 3123 373 3204 ribus,
393 3123 541 3210 pleraque
563 3124 701 3206 tradidit,
725 3149 797 3214 qua
823 3129 856 3194 io
873 3133 987 3216 vulgus
1008 3133 1092 3199 editu
1113 3135 1183 3224 ejus
1198 3134 1274 3200 uertit

270 3246 424 3312 invertere
439 3247 636 3332 supersedeo.
680 3247 724 3315 At
747 3249 844 3334 Nero,
871 3257 961 3319 nullo
986 3258 1017 3322 in
1031 3257 1205 3328 Paullinam
1220 3280 1272 3344 pro

271 3381 340 3466 prio
355 3380 440 3464 odie,
451 3401 488 3448 ac
504 3403 543 3448 ne
554 3383 704 3468 glisceret
715 3387 832 3456 invidia
845 3391 1049 3476 crudelitatis,
1063 3397 1198 3467 inhiberi
1211 3415 1273 3462 uru-

275 3513 340 3566 tem
355 3503 499 3590 imperat.
545 3505 759 3576 Hortautibus
774 3511 943 3600 militibus,
961 3519 1043 3584 servi
1058 3521 1220 3610 libertique
1232 3520 1274 3582 ob-

274 3619 375 3718 ligant
390 3625 527 3706 brachia,
543 3639 693 3712 premunt
715 3633 915 3720 sanguinem,
929 3635 1086 3706 incertum
1107 3664 1149 3712 uu
1173 3644 1274 3730 ignara·

272 3743 370 3829 Naar,
397 3757 433 3812 ut
453 3757 504 3848 cst
517 3752 631 3836 vulgus
652 3751 691 3817 ud
712 3753 866 3824 deteriora
879 3773 1156 3848 promptum‚.non
1171 3767 1270 3834 uetuere

273 3869 327 3954 qni
357 3869 529 3952 crederent,
563 3874 664 3941 donec
698 3876 929 3965 implacabilem
947 3870 1119 3954 'Neronem
1148 3883 1270 3956 annena
1327 3897 1328 3970 t
