2750 4510
651 265 705 386 {ir
726 263 860 334 lelo.

428 699 530 764 Anaia
545 695 737 766 mamma
760 699 836 766 Lib.
851 700 880 768 l.
905 699 947 766 U.
965 697 1001 767 C.
1017 669 1072 783 by.
1094 749 1097 756 r

242 827 405 949 INTER
429 873 500 938 brec
521 870 589 960 jam
615 871 769 960 praemissi
797 873 914 940 Albam
940 884 1029 940 eraut
1054 872 1190 962 equites,
1216 866 1282 960 qui

241 995 477 1062 multitudinem
493 995 694 1064 traducerent
710 995 855 1060 Romam.
886 995 1045 1080 Legiones
1060 993 1174 1062 deinde
1188 995 1278 1060 duc·
1340 998 1355 1024 '

190 1187 193 1196 ,
243 1129 285 1182 tre
300 1115 339 1180 ad
354 1113 538 1180 diruendam
552 1087 675 1180 urbem.
719 1117 801 1186 Quae
824 1115 879 1180 ubi
895 1115 1050 1180 intravere
1071 1125 1189 1202 portas,
1207 1137 1280 1180 non

242 1237 369 1326 quidem
395 1238 458 1304 luit
483 1240 640 1304 tumultus
665 1239 731 1316 ille,
757 1259 817 1302 nec
841 1257 950 1324 pavor,
978 1237 1080 1324 qualis
1104 1247 1277 1324 captarum

242 1381 313 1426 esre
326 1361 454 1430 urbium
468 1363 571 1460 nolet,
596 1383 696 1448 quum
719 1361 857 1428 effractis
879 1361 992 1449 portis,
1018 1361 1160 1426 stratisue
1175 1363 1279 1428 ariete

242 1483 354 1566 muria,
370 1495 509 1568 autuarce
524 1484 556 1550 vi
570 1489 675 1574 capta,
690 1485 809 1552 clamor
824 1485 959 1566 hostilis,
974 1493 1006 1549 et
1020 1507 1130 1550 cursus
1144 1505 1202 1570 per
1220 1508 1277 1552 ur-

242 1603 315 1666 bem
330 1613 519 1668 armatorum
535 1602 643 1668 omnia
654 1603 735 1668 ferro
748 1573 936 1694 fiammaque
949 1601 1080 1668 miscet:
1105 1603 1159 1666 sed
1172 1603 1276 1684 aileq-

242 1723 322 1790 tium
339 1725 436 1806 triste,
451 1745 486 1788 ae
501 1721 597 1788 tacita
612 1721 768 1788 meastitia
781 1721 825 1786 ita
847 1721 958 1786 defixit
972 1721 1116 1808 qmnium
1131 1722 1278 1802 animos,
1368 1789 1369 1802 ¹

242 1855 281 1911 ut
292 1857 358 1932 praa
373 1854 461 1910 metu
475 1843 576 1924 obliti,
591 1843 668 1929 quid
681 1841 906 1930 relinquerent,
923 1841 1000 1938 quid
1015 1863 1122 1908 secum
1140 1843 1276 1923 ferrent,
1368 1837 1369 1908 l

242 1965 408 2032 deficiente
424 1961 571 2046 cqrrsilio,
585 1961 828 2050 rogitantesque
837 1963 890 2028 alii
902 1963 990 2044 alios,
1004 1985 1089 2028 nunc
1105 1964 1137 2028 in
1150 1963 1277 2030 limini·

242 2089 303 2154 bur
327 2095 456 2168 starent,
483 2107 569 2152 nunc
592 2085 761 2152 errabundi
784 2087 896 2152 domos
920 2107 1003 2170 suaa,
1029 2086 1180 2152 ultimbm
1205 2061 1281 2154 illas

243 2219 353 2302 visuri,
368 2227 621 2306 pervagarentur.
667 2217 715 2284 Ut
728 2219 801 2282 verb
813 2215 880 2304 jam
895 2218 1040 2304 equitum
1055 2219 1176 2282 clamor
1190 2219 1291 2284 exire·

239 2337 424 2427 jubentium
449 2323 677 2424 instabat,'jam
698 2337 804 2422 fragor
818 2347 989 2419 tectorum,
1003 2359 1076 2424 quaa
1091 2337 1280 2402 diruebant-

153 2504 158 2518 ·
243 2485 293 2544 ur,
308 2461 430 2532 ultimis
451 2461 537 2526 urbis
559 2461 702 2548 partibus
725 2461 931 2526 audiebatur:
954 2459 1125 2548 pulvisque
1150 2482 1191 2524 ex
1204 2457 1276 2524 dis·

190 2643 192 2646 .
244 2585 387 2652 tantibus
409 2581 486 2650 locis
510 2591 610 2663 ortus,
631 2583 720 2647 velut
736 2583 821 2648 nube
836 2581 966 2646 inducta
988 2581 1097 2646 dmnia
1121 2581 1278 2668 impleve-

244 2719 313 2790 ηις
335 2707 448 2796 raptim
465 2705 581 2794 quibus
595 2705 730 2792 quisque
751 2713 876 2792 poterat
891 2689 994 2786 alatis,
1008 2707 1109 2790 qutun
1124 2705 1222 2769 larem
1237 2726 1278 2770 ae

244 2797 387 2916 penulae,
414 2838 573 2915 tectaque,
588 2826 620 2890 in
648 2827 764 2912 quibus
789 2837 882 2890 natus
897 2825 1031 2910 quisque
1053 2825 1281 2910 educatusque

246 2960 341 3030 esset,
355 2949 569 3035 relinquentes
583 2948 722 3014 exirent:
741 2945 809 3034 jam
822 2947 989 3012 continens
1001 2969 1118 3034 agmen
1130 2947 1277 3036 migran-

122 3153 129 3168 .
247 3072 327 3138 tium
344 3070 525 3158 impleierat
550 3071 637 3152 vias3
662 3081 694 3135 et
716 3079 906 3156 conspectus
931 3069 1063 3153 alipium
1088 3075 1200 3136 muttit
1216 3070 1281 3134 mi·
1367 3071 1368 3094 ¹

246 3195 402 3262 sermione
425 3194 601 3279 integrabat
626 3197 787 3280 lacrymas.
831 3160 998 3280 vocesque
1023 3189 1130 3260 etiam
1145 3193 1277 3270 misera-
1367 3195 1368 3234 ἶ

244 3327 325 3392 biles
337 3323 596 3404 exaudiebantur,
609 3289 775 3388 mulierum
792 3321 963 3416 praecipue,
975 3343 1075 3408 quum
1090 3323 1221 3398 obsessa
1233 3327 1274 3390 ab

246 3459 371 3526 armatis
386 3457 506 3542 templa
520 3467 655 3540 augusta
671 3427 931 3539 praeterirentq'ac
954 3456 1041 3520 velut
1057 3463 1166 3542 captos
1182 3455 1283 3520 relin-

245 3595 377 3680 querent
391 3565 507 3665 Deos„
536 3585 680 3672 Egressis
697 3589 807 3652 urbem
820 3571 965 3666 Albanis,
978 3585 1144 3674 Romanus
1155 3585 1278 3674 passim

246 3715 568 3811 publicaprivataque
582 3715 690 3779 omnia
704 3725 789 3781 tecta
803 3715 949 3804 adaequat
964 3719 1044 3797 selo,
1057 3719 1184 3802 umque
1201 3718 1282 3782 hort

249 3841 555 3936 quadringentorum
568 3863 827 3930 annorumopus,
842 3843 957 3930 quibus
973 3845 1056 3910 Alba
1070 3852 1284 3940 steteratqex-
