2804 4524
502 259 741 340 trennoun.

323 741 382 818 Ex
410 743 494 818 Lib.
512 741 543 816 1.
569 740 746 820 Tuscun.
774 744 939 826 Qunsr.

427 973 481 1042 De
493 987 588 1043 morte
602 977 825 1043 contemnendo.

112 1131 423 1258 PELLANTUR
437 1183 506 1250 istae
529 1184 657 1271 ineptia
678 1189 770 1272 paenb
793 1185 902 1266 aniles,
918 1197 990 1251 ante
1010 1195 1135 1272 tempus

107 1303 202 1383 mori,
216 1303 366 1376 miserum
386 1327 463 1369 csso.
507 1307 602 1376 Quod
621 1308 748 1370 tandem
771 1311 914 1391 tempus?
939 1295 1135 1374 Naturane?

111 1425 157 1491 At
172 1444 212 1490 ea
224 1427 350 1511 quidem
365 1429 451 1492 dedit
471 1449 596 1491 usuram
612 1429 697 1506 vitae,
718 1438 866 1512 tanquam
882 1429 1036 1511 pecuniae,
1052 1429 1140 1492 nulli

111 1549 369 1632 proestitutidie.
412 1549 497 1619 Quid
511 1561 559 1615 est
581 1549 687 1633 igitur,
710 1551 794 1632 quod
815 1569 955 1635 querare,
970 1548 996 1613 si
1017 1547 1141 1634 repetit,

112 1673 186 1735 adm
200 1673 292 1736 vult?
317 1675 353 1736 el
375 1671 460 1736 enirn
482 1671 663 1736 conditione
678 1693 849 1756 acceperas.
893 1671 1003 1752 Iidem,
1019 1672 1045 1736 si
1059 1688 1139 1758 puer

111 1809 227 1877 parvus
241 1793 367 1874 occidit,
389 1815 482 1878 aequo
503 1793 610 1858 animo
631 1793 795 1856 ferendum
817 1802 952 1880 putant:
975 1793 1003 1858 si
1017 1794 1089 1858 verb
1103 1794 1137 1858 in

111 1915 217 1994 cunis,
246 1937 287 1978 ne
313 1904 507 2002 querendum
533 1915 672 2000 quidem.
716 1915 815 2000 Atqui
839 1919 879 1980 ab
908 1916 969 1979 hoc
997 1915 1139 1982 acerbius

113 2037 220 2122 exegit
235 2047 357 2117 natura,
372 2037 456 2121 quod
478 2037 613 2102 dederat.
657 2037 809 2102 Nondum
830 2046 1020 2121 gustaverat,
1033 2036 1141 2126 inqui-

112 2167 184 2238 unt,
199 2157 274 2222 vitre
288 2157 491 2222 suavitatem:
514 2155 568 2222 hic
578 2167 684 2223 autem
695 2155 762 2243 jam
774 2161 917 2244 sperabat
928 2179 1052 2244 magna,
1066 2161 1138 2246 qul·

112 2283 172 2347 bus
185 2279 249 2344 frui
263 2290 413 2365 coeperat.
457 2279 501 2343 At
523 2279 554 2344 id
575 2279 703 2365 quidem
725 2281 829 2366 ipsum
852 2280 885 2346 in
908 2283 1028 2348 caeteris
1042 2285 1138 2348 rebus

114 2403 228 2470 melius
251 2411 389 2487 putatur,
404 2401 539 2488 aliquam
562 2413 694 2488 partem,
716 2404 810 2502 qqim
832 2405 963 2486 nullam,
977 2405 1141 2490 attingere.

117 2525 182 2592 Cur
197 2525 231 2590 in
244 2526 309 2590 vittl
331 2527 443 2590 secus?
467 2525 656 2611 Quanquam
677 2547 742 2590 non
764 2527 845 2591 male
860 2527 903 2591 ait
918 2527 1142 2608 Callimachus,

115 2649 210 2714 aaut
223 2649 334 2732 taepim
348 2648 530 2732 lacrymosae
543 2648 714 2727 Priamum,
728 2649 819 2732 pedm
836 2649 980 2714 Troilum.

158 2764 407 2858 Contemnamus
429 2763 526 2848 igitur
546 2781 655 2825 omnes
677 2762 833 2846 ineptias:
867 2763 965 2847 (quod
986 2763 1071 2828 euim
1092 2765 1142 2830 le·

117 2887 186 2952 rius
201 2885 276 2952 huic
296 2883 417 2948 levitati
440 2904 557 2948 nomen
578 2883 774 2969 imponant)
793 2893 955 2971 totumque
976 2886 1039 2956 vim
1060 2889 1144 2953 bene

112 3007 238 3072 risendi
260 3007 295 3070 in
316 3005 412 3070 animi
434 3005 547 3069 robore
568 3025 605 3068 ac
638 3005 866 3089 magnitudine,
888 3014 920 3068 et
942 3004 976 3070 in
997 3007 1141 3074 omnium

115 3149 219 3196 rerum
234 3130 441 3194 humanarum
452 3109 734 3211 contemptionem
743 3125 956 3213 despicientia,
966 3137 998 3193 et
1007 3128 1041 3194 iu
1052 3131 1142 3194 omni

113 3251 228 3317 virtute
243 3271 408 3335 ponamus.
453 3249 537 3314 Nam
554 3269 639 3312 nunc
654 3248 780 3334 quidem
796 3249 1040 3334 cogitationibus
1054 3253 1140 3316 ruol-

115 3369 244 3436 lissimis
266 3369 516 3446 effoeminamur;
539 3379 585 3448 ut,
607 3369 637 3464 si
662 3375 734 3434 anti
758 3390 841 3435 mors
863 3373 1021 3450 adventet,
1044 3375 1141 3458 quim

116 3490 338 3558 Cbaldoeorum
360 3489 513 3576 promissa
542 3490 704 3554 consecuti
731 3509 853 3574 sumus,
874 3489 1000 3578 spoliati
1019 3493 1144 3578 maguis

116 3613 306 3700 quibusdam
321 3614 423 3694 bonis,
438 3609 523 3676 illusi
535 3609 739 3697 destitutique
755 3611 922 3680 videamur.

161 3735 259 3804 Quod
280 3733 307 3800 si
327 3735 522 3819 expectando
542 3741 576 3797 et
603 3731 805 3798 desiderando
825 3733 999 3820 pendemus
1021 3735 1144 3814 animia,

22 3845 23 3912 ἦ
119 3841 310 3935 συοίαωιιῐ,
331 3853 495 3942 angimur3
521 3853 613 3940 prob,
634 3853 679 3920 dii
701 3853 910 3922 immortales!
938 3835 1036 3942 ¹quim
1057 3866 1147 3941 opta·
