<?xml version="1.0" encoding="UTF-8"?>
<!DOCTYPE html PUBLIC "-//W3C//DTD XHTML 1.0 Transitional//EN"
    "http://www.w3.org/TR/xhtml1/DTD/xhtml1-transitional.dtd">
<html xmlns="http://www.w3.org/1999/xhtml" xml:lang="en" lang="en">
 <head>
  <title>
</title>
<meta http-equiv="Content-Type" content="text/html;charset=utf-8" />
  <meta name='ocr-system' content='tesseract 3.04.00' />
  <meta name='ocr-capabilities' content='ocr_page ocr_carea ocr_par ocr_line ocrx_word'/>
</head>
<body>
  <div class='ocr_page' id='page_1' title='image "./scriptoresroman01unkngoog_0355.png"; bbox 0 0 2756 4484; ppageno 0'>
   <div class='ocr_carea' id='block_1_1' title="bbox 258 237 985 356">
    <p class='ocr_par' dir='ltr' id='par_1_1' title="bbox 258 237 985 356">
     <span class='ocr_line' id='line_1_1' title="bbox 258 237 985 356; baseline -0.006 -52"><span class='ocrx_word' id='word_1_1' title='bbox 258 247 320 304; x_wconf 80' lang='lat' dir='ltr'><strong>trs</strong></span> <span class='ocrx_word' id='word_1_2' title='bbox 570 237 622 304; x_wconf 74' lang='lat' dir='ltr'><strong>Es</strong></span> <span class='ocrx_word' id='word_1_3' title='bbox 644 237 985 356; x_wconf 42' lang='lat' dir='ltr'><strong>Qt&#39;lll&#39;tJTllrlANm</strong></span> 
     </span>
    </p>
   </div>
   <div class='ocr_carea' id='block_1_2' title="bbox 260 410 1302 499">
    <p class='ocr_par' dir='ltr' id='par_1_2' title="bbox 260 410 1302 499">
     <span class='ocr_line' id='line_1_2' title="bbox 260 410 1302 499; baseline 0.003 -22"><span class='ocrx_word' id='word_1_4' title='bbox 260 431 437 498; x_wconf 79' lang='lat' dir='ltr'><strong>aggressus,</strong></span> <span class='ocrx_word' id='word_1_5' title='bbox 453 411 548 476; x_wconf 85' lang='lat' dir='ltr'><strong>simili</strong></span> <span class='ocrx_word' id='word_1_6' title='bbox 564 412 631 478; x_wconf 86' lang='lat' dir='ltr'><strong>ictu</strong></span> <span class='ocrx_word' id='word_1_7' title='bbox 654 411 771 478; x_wconf 75' lang='lat' dir='ltr'><strong>feriter.</strong></span> <span class='ocrx_word' id='word_1_8' title='bbox 815 410 910 478; x_wconf 90' lang='lat' dir='ltr'><strong>Tunc</strong></span> <span class='ocrx_word' id='word_1_9' title='bbox 931 413 1029 498; x_wconf 79' lang='lat' dir='ltr'><strong>igitur</strong></span> <span class='ocrx_word' id='word_1_10' title='bbox 1048 413 1209 499; x_wconf 74' lang='lat' dir='ltr'><strong>optimum</strong></span> <span class='ocrx_word' id='word_1_11' title='bbox 1227 413 1302 480; x_wconf 79' lang='lat' dir='ltr'><strong>luit.</strong></span> 
     </span>
    </p>
   </div>
   <div class='ocr_carea' id='block_1_3' title="bbox 260 533 1306 622">
    <p class='ocr_par' dir='ltr' id='par_1_3' title="bbox 260 533 1306 622">
     <span class='ocr_line' id='line_1_3' title="bbox 260 533 1306 622; baseline 0.002 -24"><span class='ocrx_word' id='word_1_12' title='bbox 260 533 434 598; x_wconf 79' lang='lat' dir='ltr'><strong>infaustum</strong></span> <span class='ocrx_word' id='word_1_13' title='bbox 449 554 542 621; x_wconf 87' lang='lat' dir='ltr'><strong>opus,</strong></span> <span class='ocrx_word' id='word_1_14' title='bbox 557 545 588 600; x_wconf 85' lang='lat' dir='ltr'><strong>et</strong></span> <span class='ocrx_word' id='word_1_15' title='bbox 604 534 756 622; x_wconf 89' lang='lat' dir='ltr'><strong>quicquid</strong></span> <span class='ocrx_word' id='word_1_16' title='bbox 772 535 833 600; x_wconf 82' lang='lat' dir='ltr'><strong>lroc</strong></span> <span class='ocrx_word' id='word_1_17' title='bbox 848 545 898 600; x_wconf 86' lang='lat' dir='ltr'><strong>est</strong></span> <span class='ocrx_word' id='word_1_18' title='bbox 913 536 946 602; x_wconf 91' lang='lat' dir='ltr'><strong>in</strong></span> <span class='ocrx_word' id='word_1_19' title='bbox 962 557 1013 600; x_wconf 87' lang='lat' dir='ltr'><strong>me</strong></span> <span class='ocrx_word' id='word_1_20' title='bbox 1028 535 1205 602; x_wconf 81' lang='lat' dir='ltr'><strong>infelicium</strong></span> <span class='ocrx_word' id='word_1_21' title='bbox 1230 536 1306 600; x_wconf 84' lang='lat' dir='ltr'><strong>lite-</strong></span> 
     </span>
    </p>
   </div>
   <div class='ocr_carea' id='block_1_4' title="bbox 259 657 1303 744">
    <p class='ocr_par' dir='ltr' id='par_1_4' title="bbox 259 657 1303 744">
     <span class='ocr_line' id='line_1_4' title="bbox 259 657 1303 744; baseline 0.003 -24"><span class='ocrx_word' id='word_1_22' title='bbox 259 677 375 736; x_wconf 82' lang='lat' dir='ltr'><strong>rarum,</strong></span> <span class='ocrx_word' id='word_1_23' title='bbox 391 679 486 744; x_wconf 88' lang='lat' dir='ltr'><strong>super</strong></span> <span class='ocrx_word' id='word_1_24' title='bbox 500 657 705 724; x_wconf 86' lang='lat' dir='ltr'><strong>immaturum</strong></span> <span class='ocrx_word' id='word_1_25' title='bbox 721 659 819 722; x_wconf 84' lang='lat' dir='ltr'><strong>funus</strong></span> <span class='ocrx_word' id='word_1_26' title='bbox 835 658 1073 742; x_wconf 79' lang='lat' dir='ltr'><strong>consumpturis</strong></span> <span class='ocrx_word' id='word_1_27' title='bbox 1092 659 1216 723; x_wconf 65' lang='lat' dir='ltr'><strong>uiscera</strong></span> <span class='ocrx_word' id='word_1_28' title='bbox 1232 681 1303 723; x_wconf 72' lang='lat' dir='ltr'><strong>mee</strong></span> 
     </span>
    </p>
   </div>
   <div class='ocr_carea' id='block_1_5' title="bbox 260 775 1304 866">
    <p class='ocr_par' dir='ltr' id='par_1_5' title="bbox 260 775 1304 866">
     <span class='ocr_line' id='line_1_5' title="bbox 260 775 1304 866; baseline 0 -24"><span class='ocrx_word' id='word_1_29' title='bbox 260 777 393 844; x_wconf 85' lang='lat' dir='ltr'><strong>llnmnris</strong></span> <span class='ocrx_word' id='word_1_30' title='bbox 410 777 549 866; x_wconf 80' lang='lat' dir='ltr'><strong>injicere,</strong></span> <span class='ocrx_word' id='word_1_31' title='bbox 563 801 665 866; x_wconf 90' lang='lat' dir='ltr'><strong>neque</strong></span> <span class='ocrx_word' id='word_1_32' title='bbox 680 779 763 844; x_wconf 85' lang='lat' dir='ltr'><strong>hanc</strong></span> <span class='ocrx_word' id='word_1_33' title='bbox 778 775 910 864; x_wconf 85' lang='lat' dir='ltr'><strong>impiam</strong></span> <span class='ocrx_word' id='word_1_34' title='bbox 924 777 1126 842; x_wconf 76' lang='lat' dir='ltr'><strong>vivacitatem</strong></span> <span class='ocrx_word' id='word_1_35' title='bbox 1143 779 1239 844; x_wconf 75' lang='lat' dir='ltr'><strong>noris</strong></span> <span class='ocrx_word' id='word_1_36' title='bbox 1255 781 1304 842; x_wconf 88' lang='lat' dir='ltr'><strong>iu-</strong></span> 
     </span>
    </p>
   </div>
   <div class='ocr_carea' id='block_1_6' title="bbox 187 899 1299 3933">
    <p class='ocr_par' dir='ltr' id='par_1_6' title="bbox 187 899 1299 3933">
     <span class='ocr_line' id='line_1_6' title="bbox 261 899 1299 988; baseline 0.002 -24"><span class='ocrx_word' id='word_1_37' title='bbox 261 923 355 988; x_wconf 83' lang='lat' dir='ltr'><strong>super</strong></span> <span class='ocrx_word' id='word_1_38' title='bbox 369 901 453 966; x_wconf 89' lang='lat' dir='ltr'><strong>curis</strong></span> <span class='ocrx_word' id='word_1_39' title='bbox 470 901 611 986; x_wconf 74' lang='lat' dir='ltr'><strong>fatigare.</strong></span> <span class='ocrx_word' id='word_1_40' title='bbox 645 899 725 970; x_wconf 85' lang='lat' dir='ltr'><strong>Quis</strong></span> <span class='ocrx_word' id='word_1_41' title='bbox 741 901 827 966; x_wconf 87' lang='lat' dir='ltr'><strong>enirn</strong></span> <span class='ocrx_word' id='word_1_42' title='bbox 844 901 922 966; x_wconf 86' lang='lat' dir='ltr'><strong>mibi</strong></span> <span class='ocrx_word' id='word_1_43' title='bbox 937 903 1040 966; x_wconf 89' lang='lat' dir='ltr'><strong>bonus</strong></span> <span class='ocrx_word' id='word_1_44' title='bbox 1056 923 1174 987; x_wconf 85' lang='lat' dir='ltr'><strong>parens</strong></span> <span class='ocrx_word' id='word_1_45' title='bbox 1191 902 1299 986; x_wconf 81' lang='lat' dir='ltr'><strong>ignos-</strong></span> 
     </span>
     <span class='ocr_line' id='line_1_7' title="bbox 256 999 1296 1108; baseline -0.002 -18"><span class='ocrx_word' id='word_1_46' title='bbox 256 999 318 1104; x_wconf 74' lang='lat' dir='ltr'><strong>cat,</strong></span> <span class='ocrx_word' id='word_1_47' title='bbox 334 1025 360 1090; x_wconf 85' lang='lat' dir='ltr'><strong>si</strong></span> <span class='ocrx_word' id='word_1_48' title='bbox 375 1025 502 1090; x_wconf 72' lang='lat' dir='ltr'><strong>scalere</strong></span> <span class='ocrx_word' id='word_1_49' title='bbox 517 1023 653 1108; x_wconf 75' lang='lat' dir='ltr'><strong>amplius</strong></span> <span class='ocrx_word' id='word_1_50' title='bbox 667 1027 819 1108; x_wconf 86' lang='lat' dir='ltr'><strong>possum?</strong></span> <span class='ocrx_word' id='word_1_51' title='bbox 844 1043 881 1088; x_wconf 85' lang='lat' dir='ltr'><strong>ac</strong></span> <span class='ocrx_word' id='word_1_52' title='bbox 897 1045 962 1088; x_wconf 88' lang='lat' dir='ltr'><strong>non</strong></span> <span class='ocrx_word' id='word_1_53' title='bbox 978 1023 1081 1090; x_wconf 81' lang='lat' dir='ltr'><strong>oderit</strong></span> <span class='ocrx_word' id='word_1_54' title='bbox 1095 1023 1183 1088; x_wconf 87' lang='lat' dir='ltr'><strong>banc</strong></span> <span class='ocrx_word' id='word_1_55' title='bbox 1200 1025 1296 1088; x_wconf 85' lang='lat' dir='ltr'><strong>animi</strong></span> 
     </span>
     <span class='ocr_line' id='line_1_8' title="bbox 255 1145 1299 1234; baseline 0 -22"><span class='ocrx_word' id='word_1_56' title='bbox 255 1147 317 1212; x_wconf 88' lang='lat' dir='ltr'><strong>mei</strong></span> <span class='ocrx_word' id='word_1_57' title='bbox 333 1147 527 1226; x_wconf 85' lang='lat' dir='ltr'><strong>firmitatem,</strong></span> <span class='ocrx_word' id='word_1_58' title='bbox 542 1146 568 1210; x_wconf 89' lang='lat' dir='ltr'><strong>si</strong></span> <span class='ocrx_word' id='word_1_59' title='bbox 585 1146 656 1234; x_wconf 88' lang='lat' dir='ltr'><strong>quis</strong></span> <span class='ocrx_word' id='word_1_60' title='bbox 672 1145 703 1212; x_wconf 90' lang='lat' dir='ltr'><strong>in</strong></span> <span class='ocrx_word' id='word_1_61' title='bbox 718 1167 769 1210; x_wconf 86' lang='lat' dir='ltr'><strong>me</strong></span> <span class='ocrx_word' id='word_1_62' title='bbox 784 1148 831 1210; x_wconf 82' lang='lat' dir='ltr'><strong>est</strong></span> <span class='ocrx_word' id='word_1_63' title='bbox 848 1145 928 1212; x_wconf 88' lang='lat' dir='ltr'><strong>alius</strong></span> <span class='ocrx_word' id='word_1_64' title='bbox 945 1167 1021 1210; x_wconf 85' lang='lat' dir='ltr'><strong>usus</strong></span> <span class='ocrx_word' id='word_1_65' title='bbox 1037 1145 1136 1225; x_wconf 83' lang='lat' dir='ltr'><strong>vocis,</strong></span> <span class='ocrx_word' id='word_1_66' title='bbox 1151 1151 1254 1232; x_wconf 72' lang='lat' dir='ltr'><strong>quam</strong></span> <span class='ocrx_word' id='word_1_67' title='bbox 1267 1163 1299 1212; x_wconf 88' lang='lat' dir='ltr'><strong>ut</strong></span> 
     </span>
     <span class='ocr_line' id='line_1_9' title="bbox 255 1267 1294 1356; baseline 0 -22"><span class='ocrx_word' id='word_1_68' title='bbox 255 1271 398 1334; x_wconf 86' lang='lat' dir='ltr'><strong>incusem</strong></span> <span class='ocrx_word' id='word_1_69' title='bbox 414 1269 500 1348; x_wconf 86' lang='lat' dir='ltr'><strong>deos,</strong></span> <span class='ocrx_word' id='word_1_70' title='bbox 516 1281 675 1356; x_wconf 84' lang='lat' dir='ltr'><strong>superstes</strong></span> <span class='ocrx_word' id='word_1_71' title='bbox 692 1267 837 1334; x_wconf 84' lang='lat' dir='ltr'><strong>omnium</strong></span> <span class='ocrx_word' id='word_1_72' title='bbox 853 1271 1021 1332; x_wconf 75' lang='lat' dir='ltr'><strong>meorum?</strong></span> <span class='ocrx_word' id='word_1_73' title='bbox 1047 1269 1172 1334; x_wconf 87' lang='lat' dir='ltr'><strong>nullam</strong></span> <span class='ocrx_word' id='word_1_74' title='bbox 1201 1281 1294 1334; x_wconf 82' lang='lat' dir='ltr'><strong>terras</strong></span> 
     </span>
     <span class='ocr_line' id='line_1_10' title="bbox 252 1389 1293 1478; baseline 0.002 -24"><span class='ocrx_word' id='word_1_75' title='bbox 252 1391 412 1477; x_wconf 81' lang='lat' dir='ltr'><strong>despicere</strong></span> <span class='ocrx_word' id='word_1_76' title='bbox 428 1391 656 1478; x_wconf 85' lang='lat' dir='ltr'><strong>providentiam</strong></span> <span class='ocrx_word' id='word_1_77' title='bbox 671 1393 788 1454; x_wconf 84' lang='lat' dir='ltr'><strong>tester?</strong></span> <span class='ocrx_word' id='word_1_78' title='bbox 814 1389 840 1454; x_wconf 92' lang='lat' dir='ltr'><strong>si</strong></span> <span class='ocrx_word' id='word_1_79' title='bbox 854 1407 918 1454; x_wconf 92' lang='lat' dir='ltr'><strong>non</strong></span> <span class='ocrx_word' id='word_1_80' title='bbox 929 1411 1002 1455; x_wconf 89' lang='lat' dir='ltr'><strong>meo</strong></span> <span class='ocrx_word' id='word_1_81' title='bbox 1015 1411 1104 1468; x_wconf 84' lang='lat' dir='ltr'><strong>casu,</strong></span> <span class='ocrx_word' id='word_1_82' title='bbox 1117 1391 1174 1455; x_wconf 88' lang='lat' dir='ltr'><strong>cui</strong></span> <span class='ocrx_word' id='word_1_83' title='bbox 1188 1403 1293 1456; x_wconf 82' lang='lat' dir='ltr'><strong>tamen</strong></span> 
     </span>
     <span class='ocr_line' id='line_1_11' title="bbox 252 1513 1293 1602; baseline 0 -24"><span class='ocrx_word' id='word_1_84' title='bbox 252 1513 331 1578; x_wconf 87' lang='lat' dir='ltr'><strong>nihil</strong></span> <span class='ocrx_word' id='word_1_85' title='bbox 346 1513 455 1602; x_wconf 86' lang='lat' dir='ltr'><strong>objici,</strong></span> <span class='ocrx_word' id='word_1_86' title='bbox 471 1513 531 1578; x_wconf 91' lang='lat' dir='ltr'><strong>nisi</strong></span> <span class='ocrx_word' id='word_1_87' title='bbox 546 1513 633 1600; x_wconf 71' lang='lat' dir='ltr'><strong>quad</strong></span> <span class='ocrx_word' id='word_1_88' title='bbox 643 1513 756 1594; x_wconf 79' lang='lat' dir='ltr'><strong>vivam,</strong></span> <span class='ocrx_word' id='word_1_89' title='bbox 769 1521 894 1598; x_wconf 77' lang='lat' dir='ltr'><strong>potesl3</strong></span> <span class='ocrx_word' id='word_1_90' title='bbox 912 1523 942 1576; x_wconf 88' lang='lat' dir='ltr'><strong>at</strong></span> <span class='ocrx_word' id='word_1_91' title='bbox 958 1513 1083 1578; x_wconf 86' lang='lat' dir='ltr'><strong>illorum</strong></span> <span class='ocrx_word' id='word_1_92' title='bbox 1102 1519 1205 1594; x_wconf 66' lang='lat' dir='ltr'><strong>turta,</strong></span> <span class='ocrx_word' id='word_1_93' title='bbox 1216 1535 1293 1598; x_wconf 81' lang='lat' dir='ltr'><strong>quus</strong></span> 
     </span>
     <span class='ocr_line' id='line_1_12' title="bbox 255 1619 1295 1724; baseline -0.004 -22"><span class='ocrx_word' id='word_1_94' title='bbox 255 1639 365 1724; x_wconf 88' lang='lat' dir='ltr'><strong>utique</strong></span> <span class='ocrx_word' id='word_1_95' title='bbox 377 1635 552 1702; x_wconf 87' lang='lat' dir='ltr'><strong>immeritos</strong></span> <span class='ocrx_word' id='word_1_96' title='bbox 568 1659 652 1701; x_wconf 90' lang='lat' dir='ltr'><strong>mors</strong></span> <span class='ocrx_word' id='word_1_97' title='bbox 668 1639 779 1700; x_wconf 86' lang='lat' dir='ltr'><strong>acerba</strong></span> <span class='ocrx_word' id='word_1_98' title='bbox 792 1619 971 1699; x_wconf 84' lang='lat' dir='ltr'><strong>damnavit:</strong></span> <span class='ocrx_word' id='word_1_99' title='bbox 995 1639 1101 1720; x_wconf 68' lang='lat' dir='ltr'><strong>erepti</strong></span> <span class='ocrx_word' id='word_1_100' title='bbox 1114 1635 1202 1700; x_wconf 90' lang='lat' dir='ltr'><strong>mibi</strong></span> <span class='ocrx_word' id='word_1_101' title='bbox 1213 1635 1295 1721; x_wconf 75' lang='lat' dir='ltr'><strong>prius</strong></span> 
     </span>
     <span class='ocr_line' id='line_1_13' title="bbox 253 1755 1294 1844; baseline -0.003 -20"><span class='ocrx_word' id='word_1_102' title='bbox 253 1760 426 1826; x_wconf 85' lang='lat' dir='ltr'><strong>eorundem</strong></span> <span class='ocrx_word' id='word_1_103' title='bbox 437 1769 547 1838; x_wconf 85' lang='lat' dir='ltr'><strong>matre,</strong></span> <span class='ocrx_word' id='word_1_104' title='bbox 557 1779 629 1844; x_wconf 77' lang='lat' dir='ltr'><strong>quae</strong></span> <span class='ocrx_word' id='word_1_105' title='bbox 644 1755 784 1822; x_wconf 87' lang='lat' dir='ltr'><strong>nondum</strong></span> <span class='ocrx_word' id='word_1_106' title='bbox 799 1759 925 1844; x_wconf 80' lang='lat' dir='ltr'><strong>expleto</strong></span> <span class='ocrx_word' id='word_1_107' title='bbox 934 1756 1038 1822; x_wconf 77' lang='lat' dir='ltr'><strong>astatis</strong></span> <span class='ocrx_word' id='word_1_108' title='bbox 1053 1757 1294 1823; x_wconf 77' lang='lat' dir='ltr'><strong>undevicesimo</strong></span> 
     </span>
     <span class='ocr_line' id='line_1_14' title="bbox 251 1878 1292 1978; baseline -0.004 -30"><span class='ocrx_word' id='word_1_109' title='bbox 251 1905 346 1962; x_wconf 87' lang='lat' dir='ltr'><strong>anno,</strong></span> <span class='ocrx_word' id='word_1_110' title='bbox 371 1883 449 1948; x_wconf 90' lang='lat' dir='ltr'><strong>duos</strong></span> <span class='ocrx_word' id='word_1_111' title='bbox 473 1881 675 1960; x_wconf 78' lang='lat' dir='ltr'><strong>enixaiillm,</strong></span> <span class='ocrx_word' id='word_1_112' title='bbox 691 1879 834 1966; x_wconf 84' lang='lat' dir='ltr'><strong>quamvis</strong></span> <span class='ocrx_word' id='word_1_113' title='bbox 859 1878 1069 1946; x_wconf 78' lang='lat' dir='ltr'><strong>acerbissimis</strong></span> <span class='ocrx_word' id='word_1_114' title='bbox 1096 1893 1196 1978; x_wconf 40' lang='lat' dir='ltr'><strong>rapu.</strong></span> <span class='ocrx_word' id='word_1_115' title='bbox 1211 1881 1292 1958; x_wconf 60' lang='lat' dir='ltr'><strong>istm</strong></span> 
     </span>
     <span class='ocr_line' id='line_1_15' title="bbox 247 1999 1286 2086; baseline -0.003 -19"><span class='ocrx_word' id='word_1_116' title='bbox 247 2003 323 2067; x_wconf 79' lang='lat' dir='ltr'><strong>felix</strong></span> <span class='ocrx_word' id='word_1_117' title='bbox 339 2001 484 2066; x_wconf 79' lang='lat' dir='ltr'><strong>decessit.</strong></span> <span class='ocrx_word' id='word_1_118' title='bbox 513 2001 586 2086; x_wconf 78' lang='lat' dir='ltr'><strong>Ego</strong></span> <span class='ocrx_word' id='word_1_119' title='bbox 602 2003 650 2064; x_wconf 85' lang='lat' dir='ltr'><strong>vel</strong></span> <span class='ocrx_word' id='word_1_120' title='bbox 666 1999 727 2064; x_wconf 87' lang='lat' dir='ltr'><strong>hoc</strong></span> <span class='ocrx_word' id='word_1_121' title='bbox 742 2023 807 2066; x_wconf 91' lang='lat' dir='ltr'><strong>uno</strong></span> <span class='ocrx_word' id='word_1_122' title='bbox 825 2003 908 2065; x_wconf 82' lang='lat' dir='ltr'><strong>malo</strong></span> <span class='ocrx_word' id='word_1_123' title='bbox 923 2001 967 2064; x_wconf 86' lang='lat' dir='ltr'><strong>sic</strong></span> <span class='ocrx_word' id='word_1_124' title='bbox 983 2021 1068 2064; x_wconf 88' lang='lat' dir='ltr'><strong>eram</strong></span> <span class='ocrx_word' id='word_1_125' title='bbox 1082 2001 1234 2082; x_wconf 83' lang='lat' dir='ltr'><strong>afflictus,</strong></span> <span class='ocrx_word' id='word_1_126' title='bbox 1251 2016 1286 2065; x_wconf 82' lang='lat' dir='ltr'><strong>ut</strong></span> 
     </span>
     <span class='ocr_line' id='line_1_16' title="bbox 251 2119 1292 2208; baseline 0 -22"><span class='ocrx_word' id='word_1_127' title='bbox 251 2143 302 2186; x_wconf 87' lang='lat' dir='ltr'><strong>me</strong></span> <span class='ocrx_word' id='word_1_128' title='bbox 320 2119 387 2208; x_wconf 87' lang='lat' dir='ltr'><strong>jam</strong></span> <span class='ocrx_word' id='word_1_129' title='bbox 402 2123 492 2186; x_wconf 87' lang='lat' dir='ltr'><strong>nulla</strong></span> <span class='ocrx_word' id='word_1_130' title='bbox 507 2123 635 2186; x_wconf 83' lang='lat' dir='ltr'><strong>fortune</strong></span> <span class='ocrx_word' id='word_1_131' title='bbox 659 2131 768 2207; x_wconf 88' lang='lat' dir='ltr'><strong>posset</strong></span> <span class='ocrx_word' id='word_1_132' title='bbox 791 2121 912 2186; x_wconf 82' lang='lat' dir='ltr'><strong>efficere</strong></span> <span class='ocrx_word' id='word_1_133' title='bbox 928 2119 1066 2186; x_wconf 81' lang='lat' dir='ltr'><strong>felicem.</strong></span> <span class='ocrx_word' id='word_1_134' title='bbox 1111 2121 1198 2186; x_wconf 87' lang='lat' dir='ltr'><strong>Nam</strong></span> <span class='ocrx_word' id='word_1_135' title='bbox 1220 2125 1292 2187; x_wconf 65' lang='lat' dir='ltr'><strong>cum</strong></span> 
     </span>
     <span class='ocr_line' id='line_1_17' title="bbox 249 2241 1290 2328; baseline 0.003 -21"><span class='ocrx_word' id='word_1_136' title='bbox 249 2243 336 2310; x_wconf 86' lang='lat' dir='ltr'><strong>omni</strong></span> <span class='ocrx_word' id='word_1_137' title='bbox 361 2243 488 2320; x_wconf 82' lang='lat' dir='ltr'><strong>virtute,</strong></span> <span class='ocrx_word' id='word_1_138' title='bbox 505 2265 576 2328; x_wconf 79' lang='lat' dir='ltr'><strong>qum</strong></span> <span class='ocrx_word' id='word_1_139' title='bbox 593 2241 625 2307; x_wconf 91' lang='lat' dir='ltr'><strong>in</strong></span> <span class='ocrx_word' id='word_1_140' title='bbox 642 2241 791 2307; x_wconf 82' lang='lat' dir='ltr'><strong>foeminas</strong></span> <span class='ocrx_word' id='word_1_141' title='bbox 808 2243 902 2324; x_wconf 84' lang='lat' dir='ltr'><strong>cadit,</strong></span> <span class='ocrx_word' id='word_1_142' title='bbox 926 2243 1050 2324; x_wconf 64' lang='lat' dir='ltr'><strong>functi,</strong></span> <span class='ocrx_word' id='word_1_143' title='bbox 1079 2241 1290 2310; x_wconf 79' lang='lat' dir='ltr'><strong>insanabilem</strong></span> 
     </span>
     <span class='ocr_line' id='line_1_18' title="bbox 247 2365 1287 2453; baseline 0.001 -20"><span class='ocrx_word' id='word_1_144' title='bbox 247 2367 354 2434; x_wconf 88' lang='lat' dir='ltr'><strong>attulit</strong></span> <span class='ocrx_word' id='word_1_145' title='bbox 379 2367 491 2433; x_wconf 86' lang='lat' dir='ltr'><strong>marito</strong></span> <span class='ocrx_word' id='word_1_146' title='bbox 508 2367 669 2446; x_wconf 86' lang='lat' dir='ltr'><strong>dolorem3</strong></span> <span class='ocrx_word' id='word_1_147' title='bbox 699 2375 768 2432; x_wconf 91' lang='lat' dir='ltr'><strong>tum</strong></span> <span class='ocrx_word' id='word_1_148' title='bbox 787 2379 879 2432; x_wconf 78' lang='lat' dir='ltr'><strong>aetate</strong></span> <span class='ocrx_word' id='word_1_149' title='bbox 895 2372 932 2430; x_wconf 80' lang='lat' dir='ltr'><strong>cl</strong></span> <span class='ocrx_word' id='word_1_150' title='bbox 948 2365 1092 2451; x_wconf 87' lang='lat' dir='ltr'><strong>puellari,</strong></span> <span class='ocrx_word' id='word_1_151' title='bbox 1109 2369 1287 2453; x_wconf 76' lang='lat' dir='ltr'><strong>psraescrtim</strong></span> 
     </span>
     <span class='ocr_line' id='line_1_19' title="bbox 247 2487 1287 2578; baseline -0.005 -19"><span class='ocrx_word' id='word_1_152' title='bbox 247 2513 327 2559; x_wconf 74' lang='lat' dir='ltr'><strong>eneae</strong></span> <span class='ocrx_word' id='word_1_153' title='bbox 344 2495 534 2578; x_wconf 71' lang='lat' dir='ltr'><strong>comparata,</strong></span> <span class='ocrx_word' id='word_1_154' title='bbox 550 2499 656 2576; x_wconf 88' lang='lat' dir='ltr'><strong>potest</strong></span> <span class='ocrx_word' id='word_1_155' title='bbox 671 2499 703 2554; x_wconf 87' lang='lat' dir='ltr'><strong>et</strong></span> <span class='ocrx_word' id='word_1_156' title='bbox 719 2489 786 2575; x_wconf 88' lang='lat' dir='ltr'><strong>ipsa</strong></span> <span class='ocrx_word' id='word_1_157' title='bbox 803 2489 960 2554; x_wconf 87' lang='lat' dir='ltr'><strong>numerari</strong></span> <span class='ocrx_word' id='word_1_158' title='bbox 984 2487 1066 2554; x_wconf 87' lang='lat' dir='ltr'><strong>iuter</strong></span> <span class='ocrx_word' id='word_1_159' title='bbox 1088 2492 1220 2556; x_wconf 83' lang='lat' dir='ltr'><strong>vulnera</strong></span> <span class='ocrx_word' id='word_1_160' title='bbox 1235 2515 1287 2555; x_wconf 84' lang='lat' dir='ltr'><strong>nr-</strong></span> 
     </span>
     <span class='ocr_line' id='line_1_20' title="bbox 243 2611 1283 2698; baseline -0.002 -18"><span class='ocrx_word' id='word_1_161' title='bbox 243 2615 361 2681; x_wconf 86' lang='lat' dir='ltr'><strong>bitntis.</strong></span> <span class='ocrx_word' id='word_1_162' title='bbox 405 2613 527 2682; x_wconf 78' lang='lat' dir='ltr'><strong>Liberis</strong></span> <span class='ocrx_word' id='word_1_163' title='bbox 551 2625 658 2678; x_wconf 86' lang='lat' dir='ltr'><strong>tamen</strong></span> <span class='ocrx_word' id='word_1_164' title='bbox 674 2611 898 2698; x_wconf 85' lang='lat' dir='ltr'><strong>superstitibus</strong></span> <span class='ocrx_word' id='word_1_165' title='bbox 914 2613 1116 2694; x_wconf 58' lang='lat' dir='ltr'><strong>oblectabam</strong></span> <span class='ocrx_word' id='word_1_166' title='bbox 1139 2623 1173 2678; x_wconf 88' lang='lat' dir='ltr'><strong>et</strong></span> <span class='ocrx_word' id='word_1_167' title='bbox 1195 2617 1283 2698; x_wconf 83' lang='lat' dir='ltr'><strong>quod</strong></span> 
     </span>
     <span class='ocr_line' id='line_1_21' title="bbox 246 2733 1285 2820; baseline -0.003 -19"><span class='ocrx_word' id='word_1_168' title='bbox 246 2739 333 2802; x_wconf 83' lang='lat' dir='ltr'><strong>nefas</strong></span> <span class='ocrx_word' id='word_1_169' title='bbox 347 2745 423 2814; x_wconf 81' lang='lat' dir='ltr'><strong>erat,</strong></span> <span class='ocrx_word' id='word_1_170' title='bbox 437 2757 528 2812; x_wconf 81' lang='lat' dir='ltr'><strong>sreva,</strong></span> <span class='ocrx_word' id='word_1_171' title='bbox 539 2735 594 2800; x_wconf 88' lang='lat' dir='ltr'><strong>sed</strong></span> <span class='ocrx_word' id='word_1_172' title='bbox 607 2737 736 2820; x_wconf 88' lang='lat' dir='ltr'><strong>optabat</strong></span> <span class='ocrx_word' id='word_1_173' title='bbox 750 2733 826 2820; x_wconf 88' lang='lat' dir='ltr'><strong>ipsa,</strong></span> <span class='ocrx_word' id='word_1_174' title='bbox 838 2755 888 2798; x_wconf 90' lang='lat' dir='ltr'><strong>me</strong></span> <span class='ocrx_word' id='word_1_175' title='bbox 898 2735 985 2798; x_wconf 81' lang='lat' dir='ltr'><strong>salso</strong></span> <span class='ocrx_word' id='word_1_176' title='bbox 996 2734 1151 2798; x_wconf 83' lang='lat' dir='ltr'><strong>maximos</strong></span> <span class='ocrx_word' id='word_1_177' title='bbox 1164 2737 1285 2798; x_wconf 82' lang='lat' dir='ltr'><strong>crucia-</strong></span> 
     </span>
     <span class='ocr_line' id='line_1_22' title="bbox 246 2855 1285 2961; baseline -0.005 -36"><span class='ocrx_word' id='word_1_178' title='bbox 246 2871 298 2925; x_wconf 86' lang='lat' dir='ltr'><strong>tus</strong></span> <span class='ocrx_word' id='word_1_179' title='bbox 313 2857 469 2961; x_wconf 74' lang='lat' dir='ltr'><strong>praecipiti</strong></span> <span class='ocrx_word' id='word_1_180' title='bbox 482 2857 532 2921; x_wconf 89' lang='lat' dir='ltr'><strong>vill</strong></span> <span class='ocrx_word' id='word_1_181' title='bbox 548 2856 671 2942; x_wconf 81' lang='lat' dir='ltr'><strong>effugit.</strong></span> <span class='ocrx_word' id='word_1_182' title='bbox 702 2855 785 2920; x_wconf 87' lang='lat' dir='ltr'><strong>Mihi</strong></span> <span class='ocrx_word' id='word_1_183' title='bbox 801 2855 885 2922; x_wconf 88' lang='lat' dir='ltr'><strong>lilius</strong></span> <span class='ocrx_word' id='word_1_184' title='bbox 898 2855 1002 2920; x_wconf 88' lang='lat' dir='ltr'><strong>minor</strong></span> <span class='ocrx_word' id='word_1_185' title='bbox 1017 2856 1167 2941; x_wconf 87' lang='lat' dir='ltr'><strong>quintum</strong></span> <span class='ocrx_word' id='word_1_186' title='bbox 1178 2879 1285 2941; x_wconf 80' lang='lat' dir='ltr'><strong>egres-</strong></span> 
     </span>
     <span class='ocr_line' id='line_1_23' title="bbox 241 2979 1280 3066; baseline -0.003 -19"><span class='ocrx_word' id='word_1_187' title='bbox 241 3003 439 3060; x_wconf 84' lang='lat' dir='ltr'><strong>susannam,</strong></span> <span class='ocrx_word' id='word_1_188' title='bbox 466 2982 548 3046; x_wconf 89' lang='lat' dir='ltr'><strong>utin</strong></span> <span class='ocrx_word' id='word_1_189' title='bbox 565 2981 655 3045; x_wconf 83' lang='lat' dir='ltr'><strong>malls</strong></span> <span class='ocrx_word' id='word_1_190' title='bbox 670 3001 808 3066; x_wconf 78' lang='lat' dir='ltr'><strong>agerem,</strong></span> <span class='ocrx_word' id='word_1_191' title='bbox 824 2979 908 3066; x_wconf 87' lang='lat' dir='ltr'><strong>prior</strong></span> <span class='ocrx_word' id='word_1_192' title='bbox 929 2983 1063 3046; x_wconf 88' lang='lat' dir='ltr'><strong>alterum</strong></span> <span class='ocrx_word' id='word_1_193' title='bbox 1088 3003 1129 3044; x_wconf 83' lang='lat' dir='ltr'><strong>ex</strong></span> <span class='ocrx_word' id='word_1_194' title='bbox 1152 2981 1280 3044; x_wconf 78' lang='lat' dir='ltr'><strong>duabsu</strong></span> 
     </span>
     <span class='ocr_line' id='line_1_24' title="bbox 241 3104 1282 3188; baseline -0.005 -14"><span class='ocrx_word' id='word_1_195' title='bbox 241 3105 323 3174; x_wconf 84' lang='lat' dir='ltr'><strong>eruit</strong></span> <span class='ocrx_word' id='word_1_196' title='bbox 348 3109 468 3170; x_wconf 82' lang='lat' dir='ltr'><strong>lumen.</strong></span> <span class='ocrx_word' id='word_1_197' title='bbox 514 3107 587 3169; x_wconf 86' lang='lat' dir='ltr'><strong>Non</strong></span> <span class='ocrx_word' id='word_1_198' title='bbox 614 3127 683 3169; x_wconf 83' lang='lat' dir='ltr'><strong>suns</strong></span> <span class='ocrx_word' id='word_1_199' title='bbox 700 3105 886 3170; x_wconf 84' lang='lat' dir='ltr'><strong>ambitiosus</strong></span> <span class='ocrx_word' id='word_1_200' title='bbox 902 3104 935 3168; x_wconf 92' lang='lat' dir='ltr'><strong>in</strong></span> <span class='ocrx_word' id='word_1_201' title='bbox 953 3105 1056 3182; x_wconf 89' lang='lat' dir='ltr'><strong>malis,</strong></span> <span class='ocrx_word' id='word_1_202' title='bbox 1080 3125 1140 3168; x_wconf 90' lang='lat' dir='ltr'><strong>nec</strong></span> <span class='ocrx_word' id='word_1_203' title='bbox 1164 3126 1282 3188; x_wconf 77' lang='lat' dir='ltr'><strong>augere</strong></span> 
     </span>
     <span class='ocr_line' id='line_1_25' title="bbox 239 3223 1282 3316; baseline -0.006 -22"><span class='ocrx_word' id='word_1_204' title='bbox 239 3233 445 3316; x_wconf 79' lang='lat' dir='ltr'><strong>lacrymarum</strong></span> <span class='ocrx_word' id='word_1_205' title='bbox 462 3248 570 3292; x_wconf 85' lang='lat' dir='ltr'><strong>causas</strong></span> <span class='ocrx_word' id='word_1_206' title='bbox 586 3228 679 3291; x_wconf 87' lang='lat' dir='ltr'><strong>volo:</strong></span> <span class='ocrx_word' id='word_1_207' title='bbox 705 3225 890 3312; x_wconf 87' lang='lat' dir='ltr'><strong>utinamque</strong></span> <span class='ocrx_word' id='word_1_208' title='bbox 906 3233 989 3288; x_wconf 89' lang='lat' dir='ltr'><strong>esset</strong></span> <span class='ocrx_word' id='word_1_209' title='bbox 1005 3223 1086 3288; x_wconf 85' lang='lat' dir='ltr'><strong>ratio</strong></span> <span class='ocrx_word' id='word_1_210' title='bbox 1103 3223 1282 3289; x_wconf 86' lang='lat' dir='ltr'><strong>minuendi.</strong></span> 
     </span>
     <span class='ocr_line' id='line_1_26' title="bbox 237 3345 1281 3444; baseline -0.003 -27"><span class='ocrx_word' id='word_1_211' title='bbox 237 3353 300 3419; x_wconf 69' lang='lat' dir='ltr'><strong>Scri</strong></span> <span class='ocrx_word' id='word_1_212' title='bbox 316 3351 510 3416; x_wconf 82' lang='lat' dir='ltr'><strong>dissimulare</strong></span> <span class='ocrx_word' id='word_1_213' title='bbox 526 3355 581 3437; x_wconf 83' lang='lat' dir='ltr'><strong>qul</strong></span> <span class='ocrx_word' id='word_1_214' title='bbox 597 3368 740 3435; x_wconf 83' lang='lat' dir='ltr'><strong>possum,</strong></span> <span class='ocrx_word' id='word_1_215' title='bbox 759 3347 835 3434; x_wconf 90' lang='lat' dir='ltr'><strong>quid</strong></span> <span class='ocrx_word' id='word_1_216' title='bbox 852 3347 896 3412; x_wconf 93' lang='lat' dir='ltr'><strong>illi</strong></span> <span class='ocrx_word' id='word_1_217' title='bbox 912 3347 1021 3432; x_wconf 71' lang='lat' dir='ltr'><strong>gratiae</strong></span> <span class='ocrx_word' id='word_1_218' title='bbox 1038 3345 1070 3411; x_wconf 91' lang='lat' dir='ltr'><strong>iu</strong></span> <span class='ocrx_word' id='word_1_219' title='bbox 1087 3349 1194 3444; x_wconf 84' lang='lat' dir='ltr'><strong>¹vultu,</strong></span> <span class='ocrx_word' id='word_1_220' title='bbox 1207 3349 1281 3433; x_wconf 76' lang='lat' dir='ltr'><strong>quid</strong></span> 
     </span>
     <span class='ocr_line' id='line_1_27' title="bbox 230 3469 1279 3564; baseline -0.007 -22"><span class='ocrx_word' id='word_1_221' title='bbox 230 3475 440 3564; x_wconf 79' lang='lat' dir='ltr'><strong>jucunditatis</strong></span> <span class='ocrx_word' id='word_1_222' title='bbox 452 3477 482 3539; x_wconf 92' lang='lat' dir='ltr'><strong>in</strong></span> <span class='ocrx_word' id='word_1_223' title='bbox 496 3495 649 3550; x_wconf 82' lang='lat' dir='ltr'><strong>sermone,</strong></span> <span class='ocrx_word' id='word_1_224' title='bbox 667 3493 747 3558; x_wconf 89' lang='lat' dir='ltr'><strong>quos</strong></span> <span class='ocrx_word' id='word_1_225' title='bbox 763 3469 882 3555; x_wconf 79' lang='lat' dir='ltr'><strong>ingenii</strong></span> <span class='ocrx_word' id='word_1_226' title='bbox 894 3469 1067 3554; x_wconf 75' lang='lat' dir='ltr'><strong>igniculos,</strong></span> <span class='ocrx_word' id='word_1_227' title='bbox 1079 3493 1176 3555; x_wconf 86' lang='lat' dir='ltr'><strong>qumn</strong></span> <span class='ocrx_word' id='word_1_228' title='bbox 1196 3493 1279 3556; x_wconf 79' lang='lat' dir='ltr'><strong>prae-</strong></span> 
     </span>
     <span class='ocr_line' id='line_1_28' title="bbox 236 3593 1275 3686; baseline -0.007 -21"><span class='ocrx_word' id='word_1_229' title='bbox 236 3601 382 3666; x_wconf 84' lang='lat' dir='ltr'><strong>stantiam</strong></span> <span class='ocrx_word' id='word_1_230' title='bbox 406 3599 549 3686; x_wconf 80' lang='lat' dir='ltr'><strong>placidas,</strong></span> <span class='ocrx_word' id='word_1_231' title='bbox 574 3609 605 3663; x_wconf 88' lang='lat' dir='ltr'><strong>et</strong></span> <span class='ocrx_word' id='word_1_232' title='bbox 632 3597 729 3682; x_wconf 70' lang='lat' dir='ltr'><strong>(quod</strong></span> <span class='ocrx_word' id='word_1_233' title='bbox 753 3593 819 3661; x_wconf 87' lang='lat' dir='ltr'><strong>seio</strong></span> <span class='ocrx_word' id='word_1_234' title='bbox 840 3593 893 3658; x_wconf 77' lang='lat' dir='ltr'><strong>vix</strong></span> <span class='ocrx_word' id='word_1_235' title='bbox 912 3616 1004 3682; x_wconf 88' lang='lat' dir='ltr'><strong>posse</strong></span> <span class='ocrx_word' id='word_1_236' title='bbox 1026 3593 1113 3660; x_wconf 89' lang='lat' dir='ltr'><strong>credi</strong></span> <span class='ocrx_word' id='word_1_237' title='bbox 1137 3603 1275 3674; x_wconf 79' lang='lat' dir='ltr'><strong>tantum)</strong></span> 
     </span>
     <span class='ocr_line' id='line_1_29' title="bbox 234 3715 1272 3806; baseline -0.007 -18"><span class='ocrx_word' id='word_1_238' title='bbox 234 3725 306 3788; x_wconf 71' lang='lat' dir='ltr'><strong>altas</strong></span> <span class='ocrx_word' id='word_1_239' title='bbox 322 3717 437 3788; x_wconf 84' lang='lat' dir='ltr'><strong>m&#39;entls</strong></span> <span class='ocrx_word' id='word_1_240' title='bbox 453 3723 625 3788; x_wconf 73' lang='lat' dir='ltr'><strong>ostenderit</strong></span> <span class='ocrx_word' id='word_1_241' title='bbox 642 3723 652 3786; x_wconf 87' lang='lat' dir='ltr'><strong>l</strong></span> <span class='ocrx_word' id='word_1_242' title='bbox 679 3717 779 3806; x_wconf 87' lang='lat' dir='ltr'><strong>qualis</strong></span> <span class='ocrx_word' id='word_1_243' title='bbox 798 3739 936 3787; x_wconf 87' lang='lat' dir='ltr'><strong>amorem</strong></span> <span class='ocrx_word' id='word_1_244' title='bbox 950 3717 1133 3804; x_wconf 87' lang='lat' dir='ltr'><strong>quicunque</strong></span> <span class='ocrx_word' id='word_1_245' title='bbox 1149 3715 1272 3782; x_wconf 84' lang='lat' dir='ltr'><strong>alienus</strong></span> 
     </span>
     <span class='ocr_line' id='line_1_30' title="bbox 187 3839 1276 3933; baseline -0.007 -23"><span class='ocrx_word' id='word_1_246' title='bbox 187 3925 190 3933; x_wconf 20' lang='lat' dir='ltr'><em>r</em></span> <span class='ocrx_word' id='word_1_247' title='bbox 235 3849 338 3913; x_wconf 71' lang='lat' dir='ltr'><strong>intans</strong></span> <span class='ocrx_word' id='word_1_248' title='bbox 357 3855 538 3913; x_wconf 85' lang='lat' dir='ltr'><strong>mercretur.</strong></span> <span class='ocrx_word' id='word_1_249' title='bbox 585 3843 667 3912; x_wconf 89' lang='lat' dir='ltr'><strong>illud</strong></span> <span class='ocrx_word' id='word_1_250' title='bbox 683 3843 756 3910; x_wconf 81' lang='lat' dir='ltr'><strong>verb</strong></span> <span class='ocrx_word' id='word_1_251' title='bbox 774 3839 963 3920; x_wconf 81' lang='lat' dir='ltr'><strong>insidiantis,</strong></span> <span class='ocrx_word' id='word_1_252' title='bbox 983 3861 1046 3926; x_wconf 88' lang='lat' dir='ltr'><strong>quo</strong></span> <span class='ocrx_word' id='word_1_253' title='bbox 1069 3861 1120 3907; x_wconf 87' lang='lat' dir='ltr'><strong>me</strong></span> <span class='ocrx_word' id='word_1_254' title='bbox 1145 3842 1276 3906; x_wconf 67' lang='lat' dir='ltr'><strong>validius</strong></span> 
     </span>
    </p>
   </div>
   <div class='ocr_carea' id='block_1_7' title="bbox 0 0 1382 4484">
    <p class='ocr_par' dir='ltr' id='par_1_7' title="bbox 0 0 1382 4484">
     <span class='ocr_line' id='line_1_31' title="bbox 0 0 1382 4484; baseline 0 7"><span class='ocrx_word' id='word_1_255' title='bbox 0 0 1382 4484; x_wconf 95' lang='lat' dir='ltr'><strong> </strong></span> 
     </span>
    </p>
   </div>
  </div>
 </body>
</html>
