2750 4510
404 321 412 332 ,
506 245 562 312 Ee
581 243 713 314 LllllO.
1061 263 1122 326 16⁵

90 413 179 485 bnuri
202 419 321 484 temere
342 438 409 484 esse
431 427 552 486 rentur.
597 421 668 488 Nee
688 419 843 488 minorem
858 432 981 492 motum
1002 425 1124 494 unimo-

90 565 165 610 rum
181 543 295 608 Romae
310 553 374 610 tem
388 552 479 610 atrox
492 565 541 610 res
556 545 643 626 fauit,
658 548 754 632 quim
770 545 914 612 Collstiae
929 549 1056 618 fecerat.

136 665 226 750 Ergo
252 687 292 733 ex
315 665 464 732 omnibus
488 668 565 732 locis
586 669 673 734 urbis
688 668 721 732 in
737 669 842 736 forum
859 669 1006 738 curritur.
1050 671 1124 744 Qub

93 789 192 854 simul
215 799 347 854 ventum
373 800 434 868 est,
454 811 560 875 praeoo
574 791 613 856 ud
637 793 799 860 tribunum
818 771 968 862 Celerum
991 795 1038 882 (in
1061 819 1126 884 quo

18 981 23 992 ‚
92 921 166 974 turn
180 908 366 994 magistratu
380 912 461 976 sorte
474 911 598 978 Brutus
610 915 687 998 erut)
705 919 862 1000 populum
878 917 1051 984 advocavit.
1073 917 1123 984 Ibi

93 1031 197 1098 oratio
220 1032 340 1113 habito,
366 1055 564 1120 nequaquam
579 1033 647 1121 ejus
666 1039 803 1124 pectoris
818 1039 1012 1128 ingeniique,
1038 1040 1124 1128 quod

94 1157 280 1224 simulatum
305 1159 344 1222 od
366 1177 436 1232 enm
462 1159 544 1228 diem
568 1161 680 1240 fueret,
704 1161 743 1224 de
765 1161 795 1225 vi
819 1183 855 1228 ae
880 1163 1011 1230 libidine
1035 1165 1125 1232 Sexti

93 1277 272 1364 Tarquinii,
284 1279 323 1344 de
335 1289 446 1364 stupro
468 1279 600 1344 infundo
616 1281 772 1350 Lucretius
787 1293 819 1346 et
834 1283 1004 1350 miserabili
1026 1287 1125 1368 caedr,

93 1400 134 1466 de
148 1398 284 1465 orbitate
297 1399 489 1486 'l'rioipitini
503 1401 555 1466 cui
571 1411 673 1466 morte
687 1401 761 1468 filim
776 1425 872 1470 eausa
886 1407 996 1470 mortis
1017 1407 1123 1492 indig-

94 1523 165 1592 nior
186 1545 223 1588 so
245 1521 451 1590 miserabilior
472 1532 567 1588 esset.
612 1524 731 1590 Addita
751 1527 898 1610 superbis
918 1525 1017 1612 ipsius
1041 1529 1123 1616 regie

93 1645 292 1731 miserimque
306 1655 339 1710 et
365 1645 487 1710 labores
508 1642 622 1730 plebis.
665 1644 802 1728 indigna
822 1645 922 1710 Servii
945 1646 1045 1710 Tullii
1072 1669 1122 1712 re-

92 1771 142 1857 gis
170 1778 344 1834 memorata
370 1767 485 1848 eredes,
513 1775 546 1832 et
567 1767 691 1836 invecto
711 1767 836 1856 corpori
858 1768 956 1854 patris
986 1770 1123 1836 nelnudo

93 1893 242 1962 vehiculo
271 1891 358 1958 fitia:
388 1891 586 1978 invocatique
615 1893 733 1958 ultores
758 1903 925 1978 parentum
946 1893 1015 1964 Dii.
1059 1893 1123 1960 His

93 2013 377 2098 atrocioribusque,
399 2013 505 2093 oredo,
520 2011 602 2094 nbis,
623 2033 695 2098 quer
709 2035 848 2099 presens
863 2035 968 2082 rerum
981 2013 1122 2102 indigni·
1148 2049 1149 2052 ¹

93 2149 152 2220 tos,
167 2137 414 2246 bendqusqunm
433 2137 534 2202 relstu
556 2135 764 2221 scriptoribus
778 2137 883 2206 lucilio
897 2136 1039 2224 subjicit,
1053 2159 1122 2208 me-

92 2261 235 2341 moretis,
267 2261 429 2326 incensam
458 2259 695 2326 multitudinem
724 2261 873 2348 perpulit,
896 2271 933 2328 ut
958 2262 1123 2348 imperium

92 2383 161 2470 regi
176 2387 351 2468 abrogaret,
367 2385 538 2468 exulesque
551 2403 619 2448 esse
629 2379 757 2468 juberet
771 2385 810 2448 L.
824 2383 1033 2470 Tarquinium
1049 2405 1123 2450 cum

93 2505 281 2595 conjugere
295 2503 416 2572 liberis.
461 2504 532 2590 lpse
546 2503 739 2590 junioribus,
755 2505 810 2592 qui
828 2507 909 2571 ultrb
924 2507 1053 2571 nomine
1067 2507 1123 2572 tin·

93 2631 182 2709 bont,
197 2625 288 2692 lectis
306 2626 510 2712 minutisque,
526 2625 565 2690 ed
579 2625 804 2692 concitandum
820 2627 893 2694 inde
909 2627 1057 2692 adversus
1071 2650 1120 2694 re·

91 2767 167 2832 geru
180 2747 353 2812 uertitum
368 2747 503 2812 Ardeam
518 2745 551 2810 in
567 2755 668 2810 ossus
682 2755 732 2810 est
746 2747 923 2830 prolectus3
950 2745 1121 2830 imperium

94 2871 126 2936 iu
142 2871 222 2936 urbe
235 2867 396 2949 Lucretio,
418 2869 571 2954 prefecto
586 2867 673 2934 urbis
692 2865 759 2952 jam
784 2870 857 2932 ante
873 2869 913 2934 ab
927 2889 1001 2953 rege
1027 2867 1120 2932 insti·

92 3003 178 3074 tuto,
190 2992 355 3078 relinquit.
399 2992 488 3056 inter
502 2991 589 3058 buno
611 2992 787 3060 tumultum
801 2990 909 3056 Tullia
931 2993 1027 3058 domo
1048 3013 1122 3081 pro-

91 3115 198 3202 fugitq
220 3114 452 3196 execrantibus,
476 3118 668 3200 quicunque
685 3113 863 3198 incedebat,
886 3114 1122 3182 invocantibus

92 3259 157 3328 que
171 3248 341 3326 petentum
357 3237 454 3304 furios
469 3237 543 3302 viris
558 3229 816 3324 mulieribusque.

135 3364 263 3432 Horum
277 3383 381 3428 rerum
398 3360 522 3428 nunciis
538 3359 571 3426 in
587 3369 688 3430 castra
701 3363 844 3448 perlatis,
870 3385 969 3450 quum
992 3384 1026 3428 re
1041 3367 1123 3432 nori

87 3493 233 3580 ‚trepidus
257 3513 314 3560 rex
338 3502 485 3580 pergeret
511 3493 647 3558 Romam
672 3493 711 3558 sd
737 3494 991 3581 comprimendos
1006 3505 1124 3580 motos,

91 3615 182 3682 flexit
205 3615 289 3681 mom
309 3615 429 3688 Brutus
457 3619 608 3704 (senserat
634 3613 720 3678 enim
735 3614 917 3705 erlventnm)
948 3637 989 3681 ne
1012 3617 1124 3684 obvius

93 3741 205 3822 lieren
232 3739 409 3826 memque
423 3740 488 3806 fere
504 3747 656 3824 tempure,
671 3737 800 3804 diversis
812 3737 989 3820 itineribus,
1004 3739 1125 3806 Brutus

92 3861 242 3942 Arimin,
255 3861 449 3950 Tarquinius
465 3861 612 3942 Romam,
631 3871 799 3928 venerunt.
834 3863 1009 3950 Tarquinio
1034 3867 1122 3930 elsu-
