2750 4510
510 267 751 346 CICERONE.
1102 283 1142 342 9³

106 441 173 510 sint
187 439 339 508 rationis:
362 441 435 508 cim
462 455 567 510 autem
591 445 746 532 impetum
771 445 845 512 coeli
868 447 1043 516 admirabili
1068 473 1144 518 cura
1254 469 1256 474 ·

107 567 268 632 celeritate
284 565 402 630 moveri
423 565 564 654 vertique
589 568 759 650 videmus,
774 573 1025 638 constantissimi
1041 573 1142 640 confi·

107 691 246 755 'cientem
268 691 500 756 vicissitudines
521 691 756 774 anniversarias,
777 717 851 760 cum
864 703 987 762 summa
1000 701 1101 764 sainte
1115 709 1148 764 ct

105 811 345 880 conservatione
368 835 471 878 rerum
494 815 660 896 omnium
699 815 892 898 dubitamus,
915 819 992 904 quin
1016 841 1053 884 ea
1073 841 1138 884 non

106 937 212 1001 solum
230 935 350 999 ratione
366 935 453 1014 liant,
478 937 534 1000 sed
556 936 652 1002 etiam
675 939 842 1004 excellenti
857 941 1004 1026 quddam,
1020 939 1142 1006 drina-

106 1077 171 1142 que
185 1055 327 1122 ratione?

64 1251 70 1266 ι
149 1175 244 1242 Licet
266 1176 352 1242 enim
366 1175 446 1263 jam,
475 1183 596 1246 remoti
625 1179 801 1246 subtilitate
827 1179 1020 1266 disputandi,
1043 1183 1144 1246 oculis

106 1301 342 1390 quodammodo
364 1303 572 1386 contemplari
602 1303 873 1390 pulchritudinem
896 1327 999 1370 rerum
1022 1327 1141 1383 earum,

108 1445 187 1514 quas
200 1423 306 1490 divina
321 1425 517 1512 providentii
532 1425 666 1490 dicimus
678 1425 880 1492 constitutas.
924 1431 972 1494 Ac
986 1429 1141 1515 principio

109 1563 198 1644 terra
205 1553 351 1616 universa
362 1561 509 1616 cernatur
518 1575 528 1630 3
545 1551 648 1615 locata
658 1551 692 1615 in
705 1551 806 1616 media
826 1551 936 1616 mundi
951 1553 1037 1630 sede,
1047 1553 1145 1616 solida

105 1687 136 1742 et
149 1679 294 1760 globosa,
307 1686 339 1739 et
350 1673 489 1759 undique
501 1673 570 1758 ipsa
579 1673 613 1737 in
626 1695 695 1738 sese
715 1673 846 1738 nutibus
858 1671 923 1738 suis
936 1677 1138 1758 conglobata,

4 1845 5 1858 r
103 1799 222 1866 vestita
242 1799 384 1878 floribus,
400 1797 516 1878 herbis,
531 1797 705 1893 arboribus,
720 1797 884 1882 frugibus:
908 1819 1044 1884 quorum
1067 1819 1138 1862 om·

104 1924 194 1992 ulum
217 1915 407 1988 incredibilis
423 1921 594 1986 multitudo
618 1919 789 1988 insatiabili
805 1921 953 1986 varietate
967 1917 1137 2006 distingui·
1194 1917 1201 1938 ⁸

107 2059 171 2114 tur.
217 2045 307 2112 Adde
319 2046 384 2108 huc
395 2044 533 2108 fontium
545 2043 664 2127 gelidas
684 2043 908 2128 perennitates,
921 2043 1060 2130 liquores
1072 2067 1144 2132 per-

105 2168 232 2234 lucidos
257 2166 410 2247 amnium,
432 2165 571 2250 riparum
594 2163 728 2230 vestitus
742 2163 959 2246 viridissimas,
974 2167 1142 2251 spelunca-

106 2309 179 2356 rum
193 2307 347 2354 concavas
367 2283 561 2368 latitudines,
576 2309 723 2352 saxorum
747 2285 940 2374 asperitates,
956 2287 1142 2374 impenden-

106 2416 188 2482 tium
214 2411 371 2490 montium
402 2409 598 2494 altitudines,
618 2410 913 2498 immensiutesque
935 2433 1139 2496 cuuporum:
1245 2395 1247 2409 '

101 2537 180 2604 adde
196 2536 292 2600 etiam
306 2532 482 2598 reconditas
495 2533 563 2596 auri
588 2533 773 2618 argentique
797 2554 904 2612 venas,
920 2531 1137 2618 infinitamque
1177 2559 1180 2566 ·

107 2657 173 2720 rim
189 2651 364 2718 marmoris.
409 2651 491 2722 Quae
506 2651 590 2730 verb,
614 2661 647 2716 et
669 2653 763 2736 quim
788 2649 871 2714 varia
894 2671 1011 2732 genera
1026 2649 1141 2714 bestia-

107 2801 191 2861 rum,
208 2781 257 2842 vel
279 2777 434 2855 cicurum,
448 2775 496 2838 vel
520 2773 678 2838 ferarum?
702 2773 757 2857 qui
780 2773 945 2836 volucrum
966 2774 1071 2856 lapsus
1094 2785 1143 2838 at-

107 2927 170 2990 que
187 2899 322 2967 centusi
346 2902 402 2986 qui
424 2895 584 2986 pecudum
605 2899 737 2983 pastus?
762 2917 833 2982 quse
849 2895 915 2962 vita
927 2893 1140 2964 silvestriuml

108 3023 195 3098 Quid
205 3021 274 3111 jam
289 3023 327 3088 de
351 3017 518 3086 bominum
533 3039 648 3104 genere
672 3015 796 3084 dicam?
823 3017 878 3105 qui
894 3017 984 3103 quasi
1005 3019 1141 3084 cultores

107 3159 200 3215 terrm
213 3145 392 3224 constituti,
405 3165 470 3208 non
484 3143 648 3230 patiuntur
670 3163 739 3206 eam
756 3161 814 3206 nec
830 3139 1027 3208 immanitate
1039 3145 1143 3207 bellu·
1246 3207 1248 3212 ,

107 3291 198 3334 arum
214 3267 345 3348 efferari,
360 3287 419 3330 nec
435 3264 581 3350 stirpium
604 3261 775 3349 asperitate
790 3263 924 3328 vastari:
946 3283 1144 3348 quorumque

108 3391 260 3479 operibus
274 3391 351 3476 agri,
364 3389 488 3468 insulae,
499 3387 653 3472 litoraque
667 3371 838 3468 collucent,
850 3369 1000 3450 distincta
1011 3383 1101 3450 tectis
1113 3391 1146 3450 el

106 3515 252 3582 urbibus.
295 3513 378 3584 Quae
393 3511 432 3592 si,
446 3521 484 3576 ut
506 3507 633 3590 animis,
657 3507 703 3574 sic
725 3507 826 3572 oculis
847 3505 951 3572 videre
964 3527 1141 3594 possemus,

106 3657 203 3704 nemo
227 3647 377 3704 cunctam
395 3635 524 3742 intuens
554 3641 681 3713 terram,
710 3629 750 3696 de
770 3629 878 3696 divini
899 3629 1021 3696 ratione
1044 3631 1140 3738 dubi·

110 3768 205 3824 taret.

154 3881 263 3968 {loges
276 3903 340 3980 mc,
356 3877 445 3968 quid,
460 3889 515 3946 art
538 3879 630 3968 quale
652 3875 695 3943 sit
715 3875 829 3944 Deus?
853 3877 991 3942 Auctore
1006 3887 1077 3942 utar
1094 3876 1146 3940 Si·
