2750 4510
250 271 310 334 136
614 261 667 326 Er
689 259 741 326 Μ.
762 257 933 326 TULLIO

243 437 365 504 solebat
377 435 515 522 cogitare
528 446 561 502 et
574 433 661 522 loqui
673 435 696 518 ι)
715 433 885 500 Africanus
897 455 931 500 se
946 432 1088 500 ostendit
1102 429 1159 500 itt
1174 435 1293 518 ἰοῐιὶ,
1370 451 1371 454 ’

242 583 314 648 quer
338 559 418 626 mihi
443 582 484 626 ex
507 559 645 646 imagine
669 557 751 648 ejus,
775 561 872 644 qulm
899 579 940 622 ex
969 555 1050 644 ipso,
1065 565 1136 624 eret
1162 558 1291 624 notior:

243 707 338 771 quern
355 695 392 750 ut
407 683 533 769 agnoui,
549 681 695 770 equidem
712 682 873 748 cohorrui.

286 805 350 872 Sed
365 807 432 888 ille,
448 809 471 845 “
488 805 608 884 Ades,'’
623 803 741 890 lnquit,
763 809 787 843 “
802 803 923 886 animo,
938 815 971 870 et
985 803 1097 870 omitte
1121 805 1285 886 timorem,

213 977 217 992 .
242 936 265 970 “
281 927 401 1016 Scipio,
414 939 445 994 et
459 949 532 1014 quae
546 927 661 1008 dicem,
677 927 764 992 trade
776 927 952 994 memorie.
974 926 1113 992 Videsne
1125 927 1215 994 illam
1228 949 1288 994 nr·

242 1057 265 1092 “
281 1055 366 1132 bem,
378 1073 451 1138 quue
464 1071 574 1138 parere
589 1053 710 1138 populo
724 1051 870 1114 Romano
888 1059 998 1116 coactu
1011 1073 1066 1136 per
1078 1071 1142 1132 me,
1153 1061 1289 1118 renouat

242 1181 265 1214 ‘⁸
279 1175 413 1263 pristino
423 1177 518 1255 belle,
528 1197 586 1239 nec
599 1183 707 1260 potest
718 1173 904 1260 quiescere''
919 1175 931 1238 l
961 1173 1163 1258 (ostendebat
1178 1185 1289 1240 autem

242 1301 469 1386 Carthaginem
480 1299 519 1365 de
532 1302 668 1380 excelso,
685 1310 717 1364 et
732 1301 827 1386 pleno
840 1299 1014 1380 stellarum,
1027 1297 1144 1364 illustri
1159 1309 1193 1364 et
1203 1301 1291 1366 clero

241 1407 378 1512 quodem
402 1425 474 1490 loco
488 1425 510 1507 ι)
534 1425 723 1514 “adquam
750 1433 787 1489 tu
814 1423 1060 1510 oppugnandum
1087 1443 1175 1488 nune
1195 1423 1289 1489 venir

240 1551 266 1587 “
281 1553 373 1635 prend
391 1547 498 1616 miles?
524 1547 607 1613 hnne
633 1549 694 1612 hoc
717 1547 848 1612 biennio
870 1549 982 1611 consul
1010 1555 1144 1628 evertes,
1166 1547 1292 1634 eritque

239 1671 264 1708 “
279 1689 458 1754 cognomen
474 1667 506 1734 id
521 1669 580 1734 tibi
595 1689 651 1756 per
664 1681 696 1732 te
708 1677 846 1754 portum,
861 1667 946 1754 quud
962 1667 1058 1732 lrubee
1071 1667 1206 1736 adbuci
1222 1691 1286 1736 no·

239 1795 263 1832 “
278 1791 587 1858 biehuereditarium.
632 1791 715 1854 cnm
737 1801 844 1856 autem
861 1789 1088 1875 Carthaginem
1115 1791 1283 1874 deleveris,

237 1913 477 2000 “triumphum
500 1913 613 1998 egeris,
628 1935 805 1998 censorque
829 1913 939 1994 fueris,
961 1921 994 1978 et
1016 1913 1131 1978 obieris
1156 1915 1290 2000 legatur

240 2039 266 2075 “
280 2033 470 2122 AEgyptum,
490 2035 624 2122 Syriam,
654 2033 776 2115 Asiam,
800 2033 975 2112 Graeciem3
1004 2033 1143 2118 deligere
1166 2035 1291 2104 iter'bm

186 2241 192 2252 Ι
239 2160 262 2198 “
276 2159 389 2224 absens
418 2157 512 2224 COS.
542 2160 726 2245 bellumque
751 2159 925 2226 maximum
941 2157 1103 2240 conficies,
1134 2159 1288 2228 Numm-

240 2283 265 2320 “
280 2279 356 2346 tiam
371 2279 549 2347 exscindes.

284 2403 388 2470 “Sed
411 2407 486 2470 edm
518 2403 579 2468 eris
612 2423 708 2468 curru
741 2401 938 2488 Capitolium
962 2401 1119 2484 invectus,
1148 2401 1292 2470 offendet

239 2535 262 2568 “
277 2529 505 2614 rempublicam
526 2531 740 2616 perturbatum
765 2525 906 2592 consiliis
922 2526 942 2564 ⁴‘
958 2525 1174 2614 nepotismei.
1214 2525 1286 2593 ch

239 2649 263 2686 “
279 2659 327 2729 tu,
342 2647 504 2728 Afrienne,
519 2645 666 2712 ostendas
679 2646 837 2731 oportebit
852 2645 961 2732 pntriae
977 2647 1088 2710 lumen
1101 2644 1211 2727 animi,
1227 2645 1283 2712 in·
1369 2687 1370 2690 =

239 2773 264 2808 “
280 2769 377 2854 genii,
401 2767 589 2856 consiliique
605 2765 665 2832 tui.
698 2767 760 2831 Sed
776 2765 844 2852 ejus
870 2763 1020 2854 temporis
1036 2763 1208 2852 ancipitem
1236 2768 1287 2832 vi-

240 2893 264 2925 “
281 2888 442 2972 deoquosi
464 2889 602 2954 futorum
619 2887 714 2950 uiam.
759 2887 843 2952 Nmn
861 2890 935 2952 curn
952 2897 1028 2952 uetus
1050 2895 1106 2950 tue
1130 2897 1287 2972 septenos
1369 2893 1370 2972 ᾗ

239 3009 377 3074 “octies
393 3009 642 3076 sulisunl'ructus
671 3011 853 3096 reditusque
879 3007 1079 3090 converterit,
1099 3007 1228 3096 duoque
1248 3011 1286 3076 bi
1369 3001 1370 3010 ¹

239 3131 401 3196 “numeri
421 3135 568 3218 (quomm
594 3145 729 3220 uterque
744 3135 871 3218 plenus,
887 3133 966 3196 ulter
991 3133 1092 3197 ulterl
1113 3131 1153 3196 de
1176 3139 1288 3212 caue,

238 3257 259 3290 '‘
276 3251 422 3328 habetur)
448 3249 584 3318 circuitu
606 3253 742 3320 naturali
766 3273 923 3318 summum
948 3252 1007 3317 tibi
1022 3253 1152 3318 intelem
1168 3253 1287 3318 conie-

233 3381 255 3427 t«
271 3377 394 3458 cerint3
418 3375 451 3440 in
469 3385 499 3440 te
514 3399 627 3460 uuum,
643 3389 741 3464 atque
757 3377 788 3441 in
807 3389 899 3443 tuum
916 3397 1047 3458 nomen,
1063 3395 1097 3440 ee
1113 3385 1183 3442 totu
1198 3395 1281 3445 coo·

238 3503 260 3536 “
276 3481 377 3566 vertet
406 3500 537 3567 civiles:
561 3511 593 3566 te
622 3513 761 3582 senatus,
777 3513 808 3566 te
831 3521 944 3566 omnes
969 3501 1056 3581 boni,
1081 3501 1222 3583 tesoeii,
1252 3511 1287 3567 te

238 3625 261 3660 “
276 3621 380 3688 lmtini
396 3624 628 3691 intuebuntur:
655 3633 690 3688 tu
707 3624 767 3690 eris
785 3645 883 3706 unus,
897 3623 931 3688 in
953 3645 1019 3711 quo
1035 3624 1156 3690 nitetur
1171 3621 1288 3690 cirita-

237 3745 259 3780 “
276 3740 315 3806 tis
330 3744 415 3808 selus
425 3769 435 3826 3
458 3769 506 3826 ne,
523 3767 562 3810 ne
575 3747 687 3826 multu,
704 3745 836 3810 dictator
850 3745 1084 3833 rempublicam
1103 3743 1285 3814 constituo

235 3869 257 3903 ⁶⁴
276 3875 413 3948 oportet,
426 3863 452 3929 si
466 3863 578 3953 impius
594 3866 846 3954 propinquormn
861 3887 975 3933 manus
990 3863 1180 3953 effugeris.·'’

642 3985 661 4024 ὕ
686 3983 746 4046 Tib.
764 3983 895 4047 Gracchi.
