2750 4510
477 249 719 330 CICERONE.
1069 263 1130 326 11⁹

86 433 210 511 damn
233 429 268 498 in
289 431 400 500 hortos
422 429 568 508 inritavit
589 429 803 518 inposterum
823 429 918 496 diem.
963 431 1047 496 Cim
1072 429 1128 510 ille

45 631 47 635 ,
85 555 297 646 misisset,
317 565 388 620 turn
404 552 550 640 Pythius,
572 553 627 640 qui
649 563 745 634 esset,
767 565 804 620 ut
818 551 1024 640 argentarius,
1045 545 1130 642 apud

86 701 201 747 omues
223 677 351 744 ordines
372 677 542 763 gratiosus,
562 675 735 764 piscatores
759 677 849 742 adse
868 677 1074 758 convocarit,
1096 687 1129 743 et

85 805 127 870 sb
141 803 194 868 iris
208 801 333 889 petivit,
357 809 395 866 ut
408 810 482 866 ante
494 811 578 866 'suos
599 800 743 868 hortulos
761 806 886 888 postert
900 801 952 868 die
966 800 1128 888 piscaren-

82 933 160 1002 turr
184 920 339 1006 dixitque,
356 920 432 1006 quid
446 941 501 986 eos
514 921 618 995 iecere
633 921 740 992 vellet.
777 921 828 986 Ad
842 943 970 986 coenam
985 932 1127 1008 tempore

82 1045 175 1112 venit
198 1043 336 1110 Canius:
359 1044 487 1130 opipare
512 1055 655 1130 paratum
677 1054 744 1110 erat
769 1045 971 1110 convivium:
996 1047 1124 1132 cymba·

81 1189 158 1235 rum
171 1177 245 1232 aute
260 1167 370 1232 oculos
387 1165 582 1231 multitudo:
605 1187 663 1254 pro
678 1189 712 1232 se
727 1165 872 1251 quisque,
887 1145 973 1252 quoti
988 1179 1124 1254 ceperat,

85 1289 237 1358 sumto
252 1313 260 1353 ι
284 1299 358 1354 ante
371 1289 468 1375 pedes
483 1287 590 1374 Pythii
610 1289 712 1374 pisces
727 1287 968 1375 abjiciebantur.

127 1413 216 1482 Tum
232 1413 364 1496 Canius,
379 1413 510 1494 Quem,
525 1411 641 1498 inquit,
659 1413 735 1498 quid
754 1423 801 1478 est
817 1414 888 1494 hoe,
912 1413 1006 1499 Pythi
1022 1418 1034 1481 l
1058 1425 1130 1481 tan·

85 1543 198 1603 tumne
212 1533 376 1622 piscium?
402 1541 570 1600 tantumne
585 1535 792 1618 cymbarum?
816 1529 861 1596 Et
876 1533 939 1613 ille,
956 1533 1042 1603 Quid
1065 1535 1127 1598 mi-

85 1661 182 1726 rum?
207 1655 334 1746 iuquit:
358 1657 419 1722 hoc
434 1658 507 1722 loco
522 1665 581 1737 est,
597 1655 759 1742 Syracusis
779 1655 933 1742 quidquid
953 1667 1002 1722 est
1028 1657 1128 1744 pisci·

87 1803 165 1852 ems
187 1781 243 1848 lrlc
262 1779 414 1868 aqrmtior
436 1779 497 1846 hnc
522 1779 596 1844 villu
612 1777 665 1844 isti
687 1799 790 1844 carere
806 1799 870 1846 nou
885 1791 1030 1866 possunt.
1073 1781 1129 1848 ln-
1266 1765 1271 1778 ¹

85 1927 201 1974 census
217 1903 337 1972 Csuius
352 1901 537 1990 cupiditate,
562 1901 728 1984 coptendit
743 1907 761 1968 a
777 1901 903 1989 Pythio,
918 1913 955 1969 ut
968 1903 1129 1972 venderet.

86 2031 225 2099 urente
248 2027 304 2092 ille
324 2025 441 2113 primo.
485 2025 572 2098 Quid
593 2029 719 2092 multa?
744 2027 910 2115 impetrat:
933 2028 1011 2094 emit
1031 2029 1129 2096 homo

87 2151 223 2242 sapidus
240 2161 273 2217 et
293 2153 436 2238 locuples
460 2151 553 2232 tanti,
575 2151 686 2238 quanti
702 2149 836 2237 Pythius
851 2153 971 2234 voluit3
995 2165 1028 2219 et
1051 2155 1131 2221 emit

84 2279 278 2346 instructus:
303 2275 434 2378 nomina
450 2275 549 2342 lacit:
574 2275 739 2362 negotium
755 2275 894 2344 conficit.
946 2266 951 2280 '

127 2399 249 2468 Invitat
274 2397 394 2464 Canius
417 2403 544 2484 postert
564 2397 615 2464 die
636 2397 804 2464 familiares
826 2421 924 2466 suos:
947 2401 1036 2466 venit
1062 2403 1130 2490 ipse

84 2527 226 2592 menter
262 2523 416 2588 scalmum
450 2523 575 2586 nullum
605 2520 703 2586 ridet.
747 2521 871 2592 Quaerit
908 2544 947 2586 ex
980 2525 1128 2609 proximo

82 2647 201 2728 ricino,
216 2665 296 2712 num
318 2645 406 2712 feriae
427 2643 575 2731 quedam
599 2645 793 2729 piscatorum
822 2655 942 2724 essent,
966 2647 1051 2730 quod
1074 2667 1130 2712 eor

81 2773 187 2837 nullos
203 2767 332 2834 videret.
377 2769 500 2849 Nullae,
520 2765 619 2852 (quod
634 2765 757 2847 sciam,)
778 2765 882 2852 inquit
899 2765 974 2831 ille:
1000 2767 1057 2834 sed
1074 2769 1130 2835 hle

80 2891 197 2982 piscari
213 2891 293 2960 nulli
308 2893 423 2956 solent.
468 2890 578 2976 ltaque
593 2889 662 2956 heri
677 2889 824 2971 mirabar,
850 2889 927 2977 quid
949 2891 1128 2958 accidisset.

81 3009 281 3082 Stomachari
314 3011 446 3078 Canius.
490 3011 553 3077 Sed
583 3011 660 3098 quid
688 3011 828 3076 faceret?
866 3013 1011 3078 nondum
1043 3015 1127 3082 enim

81 3135 243 3224 Aquilius,
275 3137 400 3222 collega
421 3143 454 3200 et
475 3134 637 3202 familiaris
664 3157 768 3216 meus,
796 3137 969 3223 protulerat
994 3139 1032 3202 de
1057 3139 1131 3205 dolo

81 3263 168 3330 mulo
189 3261 363 3326 formulas:
387 3259 422 3324 in
450 3258 566 3346 quibus
589 3258 678 3344 ipsis,
701 3261 776 3324 cum
799 3283 838 3324 ex
861 3283 899 3324 eo
921 3273 1127 3345 quaereretur,

84 3381 164 3470 quid
186 3392 272 3447 esset
285 3381 379 3447 dolus
393 3381 520 3446 malus?
545 3380 764 3466 respondebat,
788 3379 871 3445 Cium
890 3391 971 3446 esset
987 3381 1069 3445 aliud
1086 3381 1130 3446 si-

83 3507 255 3587 mulatum,
277 3503 365 3571 aliud
386 3513 505 3570 actum.
550 3501 626 3570 Hoc
645 3503 774 3594 quidem
797 3509 873 3570 sant
888 3507 1077 3586 luculenter,
1094 3516 1131 3570 ut

81 3633 120 3696 ab
136 3627 272 3694 immine
285 3627 389 3716 perito
403 3625 586 3696 deliniendi.
631 3624 719 3710 Ergo
743 3623 936 3712 erytrius,
964 3637 996 3690 et
1021 3649 1131 3692 omnes·

40 3759 43 3765 '
81 3751 168 3823 aliud
184 3763 327 3840 agentes,
355 3749 440 3820 eliud
456 3749 656 3832 simulantes,
671 3747 793 3837 perfidi,
810 3749 957 3837 improbi,
982 3751 1132 3816 malitiosi

77 3887 166 3952 suut.
