2738 4502
387 758 566 822 Pestilentia
580 767 610 822 et
624 757 746 824 Forma
781 758 854 824 Lib.
869 758 928 826 lv.
956 761 997 828 U.
1014 763 1050 830 C.
1071 771 1149 832 843.

261 929 427 1070 QUUM
452 969 490 1032 L.
518 967 624 1033 lcilius
648 967 818 1034 seditiones
847 969 973 1056 agrariis
995 973 1117 1058 legibus
1138 979 1288 1060 promul-

255 1099 366 1184 gandis
395 1099 491 1164 cieret
504 1125 514 1180 ;
536 1101 718 1186 pestilentia
741 1112 859 1184 coorta,
884 1103 1037 1168 minacior
1062 1114 1167 1170 tamen
1186 1109 1284 1190 quim

255 1222 471 1310 perniciosior,
493 1224 699 1308 cogitationes
718 1225 883 1290 hominum
903 1229 922 1290 d
943 1227 1013 1290 foro
1037 1225 1285 1292 certaminibus-

255 1373 316 1438 que
338 1349 475 1452 publiq's
499 1347 537 1412 ad
560 1349 690 1412 domum
706 1369 876 1432 curamque
902 1371 1068 1436 corporum
1094 1349 1285 1414 nutriendo-

255 1493 326 1536 rum
340 1470 470 1536 avsrtit:
494 1469 662 1556 minusque
686 1489 756 1534 carn
772 1469 958 1534 damnosam·
977 1470 1087 1552 fuisse,
1111 1473 1204 1558 quam
1230 1493 1285 1535 sc-

252 1595 339 1662 ditio
356 1593 580 1672 luturafuerit‚
594 1594 737 1658 credunt.
782 1593 946 1658 Defunctls
972 1593 1099 1658 civitate
1124 1593 1285 1681 plurimo-

253 1691 468 1796 rum'morbis,
483 1715 645 1802 perpaucis
661 1714 836 1796 funeribus,
850 1715 1051 1800 pestilentem
1065 1739 1194 1796 artuum,
1205 1717 1282 1782 ino-

252 1841 304 1928 pia
319 1843 459 1926 frugum,
484 1839 629 1924 neglecto
652 1837 742 1900 cultu
757 1857 917 1922 agrorum,
938 1841 987 1922 (ut
1010 1841 1195 1929 plerumque
1215 1837 1280 1920 tm)

252 1961 388 2048 excepit.
432 1959 506 2026 Jam
534 1959 633 2024 fumes
658 1962 753 2044 qutun
777 1957 958 2046 pestilentis
981 1959 1100 2034 tristior
1122 1971 1209 2040 erat3
1235 1967 1285 2042 nl,

244 2083 379 2152 dimissis
395 2083 477 2148 circu
490 2103 601 2146 omnes
615 2085 749 2168 populos
762 2082 887 2168 legatis,
907 2083 963 2168 qui
978 2083 1150 2148 Etruscum
1176 2103 1278 2164 marc,

251 2207 367 2296 quique
399 2205 541 2270 Tiberim
572 2205 732 2285 accolunt,
763 2205 802 2268 ad
833 2197 1031 2270 ¹frumentum
1063 2208 1281 2291 mercandum,

249 2349 385 2396 annonoe
406 2329 488 2390 foret
509 2327 711 2390 subventum.
757 2327 900 2410 Superbe
925 2330 963 2390 ab
988 2328 1196 2411 Samnitibus,
1223 2331 1280 2416 qui

251 2455 391 2539 Capuam
409 2451 568 2516 habebunt
584 2449 778 2533 Cumasque,
796 2448 892 2533 legati
915 2451 1068 2546 prohibiti
1088 2453 1280 2516 commercio
1360 2533 1361 2550 ,

233 2557 343 2642 'sunts
368 2587 477 2640 contra
500 2593 536 2638 ea
560 2573 697 2656 benigne
723 2573 763 2634 ab
789 2571 969 2634 Siculorum
1001 2565 1142 2656 tyrannis
1167 2571 1276 2657 adjuti.

248 2700 408 2765 Maximus
429 2675 624 2764 commeatus
648 2717 773 2761 summo
798 2694 934 2758 Etruriae
954 2695 1060 2758 studio
1072 2694 1196 2758 'liberis
1223 2696 1277 2758 de-

246 2821 340 2886 rexit.
371 2817 579 2882 Solitudinem
592 2817 623 2879 in
637 2816 763 2880 civitate
781 2819 863 2898 aegrlr
877 2813 998 2900 experti
1015 2819 1162 2880 consules
1179 2827 1272 2879 sunt:

245 2959 342 3022 quum
359 2939 392 3000 in
410 2939 591 3022 legationen,
612 2961 676 3002 uon
691 2939 762 3021 plus
779 2937 912 3020 siugulis
935 2935 1132 3000 senatoribus
1153 2935 1275 3008 inueni-

246 3071 347 3138 entes,
364 3059 465 3124 coacti
487 3071 561 3122 sunt
581 3060 672 3124 binos
689 3059 809 3144 equites
826 3057 971 3144 adjicere.
1011 3059 1225 3142 Praeterquam
1237 3063 1274 3121 ab

244 3185 355 3256 morbo
373 3183 571 3267 ululantque,
589 3183 666 3246 nihil
690 3205 726 3246 eo
742 3182 872 3246 biennio
888 3181 1030 3244 intestini
1046 3183 1208 3274 cateruis-e
1223 3181 1273 3245 iu-

246 3307 404 3372 commodi
424 3305 496 3371 suit.
533 3305 578 3370 At
602 3307 656 3370 ubi
682 3303 978 3370 h‹·1›s=¹llicitrrdines
1003 3305 1185 3384 discessere,
1204 3327 1272 3367 om-

244 3428 297 3492 nia
311 3429 426 3513 quibus
443 3425 560 3492 turbari
576 3425 669 3492 solita
684 3437 750 3492 erat
768 3425 889 3508 civitas,
905 3425 990 3490 domi
1009 3425 1175 3508 discordis,
1199 3425 1275 3490 loris

242 3551 362 3622 bellurn
381 3561 539 3618 exortum.
