2724 4494
596 225 650 294 aa
673 223 712 288 C.
734 223 965 292 CORNELIO

594 843 645 908 Ex
668 845 802 909 Annae.
835 841 907 910 Lib.
929 844 972 914 11.

269 1015 803 1104 &amnemamnem
817 1019 946 1082 Amara
968 1017 1288 1098 emmeramni
1331 1087 1332 1092 ἵ

366 1141 562 1224 ΝΜ,
577 1143 728 1226 ΜΨ
740 1143 828 1208 ‘'⁸¹5¹‘'
841 1142 1002 1226 ΨΜ
1013 1147 1093 1226 W
1104 1143 1224 1211 Μ

271 1269 498 1388 AEs'rATE
516 1310 584 1399 jam
605 1313 723 1392 adulta,
748 1285 913 1399 legionum
937 1313 1006 1380 aliae
1031 1313 1146 1379 itincre
1163 1309 1284 1380 terrestri

156 1435 158 1442 ’
268 1437 302 1502 in
330 1435 534 1502 hibernacula
559 1439 711 1519 remissae,
745 1441 851 1524 plures
874 1439 980 1505 Caesar
1011 1437 1103 1504 classi
1133 1439 1282 1530 impositas

270 1581 327 1646 per
350 1558 467 1625 flumen
492 1559 646 1624 Amisiam
662 1561 794 1624 Oceano
818 1559 948 1627 invexit.
993 1559 1041 1624 Ae
1066 1559 1174 1648 primo
1201 1555 1283 1646 placi·
1333 1599 1334 1644 t

270 1683 345 1748 dum
372 1677 481 1770 aanor
496 1683 583 1748 mille
608 1681 735 1748 navium
756 1682 851 1746 remis
879 1693 1030 1770 strepere,
1052 1693 1107 1748 aut
1133 1681 1212 1746 velis
1237 1679 1282 1742 im·
1333 1649 1334 1712 i

180 1849 183 1864 ·
270 1805 374 1894 pelli:
399 1827 474 1870 mox
497 1787 564 1872 atro
580 1805 712 1870 nubium
730 1808 826 1895 globo
842 1807 941 1874 effusa
956 1805 1096 1892 grando:
1125 1805 1220 1872 simul
1244 1823 1284 1864 m·

270 1929 325 1994 riis
340 1927 479 2016 undique
493 1927 652 2014 procellis,
668 1927 779 1994 incerti
795 1929 908 1991 fluetus
923 1936 1127 2016 prospectum
1152 1925 1284 1998 adimere,
1334 1979 1335 1984 ,

272 2049 412 2134 regimen
429 2049 579 2135 impedire
595 2077 602 2116 ε
627 2051 779 2135 milesque
792 2035 934 2138 pavidus,
948 2059 980 2114 et
994 2071 1125 2114 casuum
1142 2047 1232 2113 maris
1245 2045 1282 2130 ig·

273 2159 380 2253 nurus,
403 2169 480 2240 dum
504 2175 610 2236 turbat
626 2184 750 2251 nautas,
773 2169 822 2236 vel
844 2169 1064 2260 intempestive
1076 2169 1185 2263 juvat,
1202 2167 1284 2236 officia

271 2295 476 2382 prudentium
492 2294 725 2381 corrumpebat.
770 2295 876 2359 Omne
892 2295 1007 2364 dehine
1023 2299 1159 2376 eoelum,
1173 2307 1204 2360 et
1217 2311 1283 2359 mue

273 2439 369 2483 omne
395 2417 429 2484 in
459 2387 599 2484 austrum
624 2417 729 2502 cessit,
746 2417 801 2502 qui
828 2417 957 2484 tumidis
988 2417 1173 2488 Germaniae
1201 2415 1282 2490 terris,

273 2527 440 2628 profundis
453 2541 610 2620 amnibus,
628 2539 783 2606 immenso
799 2541 933 2605 nubium
950 2551 1050 2608 tractu
1067 2543 1239 2618 validus,ct
1253 2535 1283 2599 ri·

274 2663 350 2746 gare
367 2661 460 2730 vicini
483 2661 704 2746 septentrionis
729 2657 893 2742 horridior,
916 2657 1021 2746 rapuit
1042 2657 1229 2748 disjecitque
1242 2675 1283 2723 ua·

275 2807 329 2848 ves
342 2785 373 2849 in
387 2795 494 2868 aperta
504 2783 635 2864 Oceani,
648 2795 702 2848 aut
713 2783 831 2848 insulas
846 2785 929 2847 saxis
944 2785 1104 2869 abruptas,
1118 2785 1169 2847 vel
1179 2805 1231 2874 per
1243 2799 1282 2841 oe·

276 2907 362 2969 culta
377 2905 454 2968 vada
467 2905 607 2970 infestas.
630 2905 756 2973 Quibus
768 2905 908 2990 paullum
922 2907 1069 2992 aegreque
1084 2903 1203 2982 vitatis,
1212 2910 1283 2988 post·

278 3047 371 3112 quam
389 3028 531 3092 mutabat
554 3037 663 3106 aestus,
681 3025 853 3111 eodemque
867 3027 930 3110 qno
946 3035 1057 3090 ventus
1082 3025 1215 3104 ferebat,
1235 3041 1283 3086 non

277 3151 435 3216 adhaerere
451 3147 606 3226 anchoris,
631 3171 695 3216 non
711 3147 874 3213 exhaurire
892 3145 1110 3234 inrumpentes
1127 3149 1226 3214 undas
1238 3165 1282 3232 po·

277 3283 392 3344 terant.
415 3271 513 3356 Equi,
521 3269 680 3357 jumenta,
694 3269 836 3350 sarcinae,
849 3269 945 3336 etiam
958 3291 1044 3335 arma
1053 3269 1284 3356 praecipitantur,

276 3398 341 3480 qub
357 3397 535 3458 levarentur
547 3391 624 3454 alvei
637 3405 801 3460 manantes
813 3413 869 3478 per
879 3393 989 3472 latera,
1000 3403 1031 3456 et
1043 3393 1142 3492 fluctu
1155 3405 1284 3480 supero!-

278 3527 385 3602 gente.
419 3517 549 3586 Quanto
570 3513 736 3578 violentior
752 3527 867 3580 eaetero
882 3513 959 3580 mari
972 3515 1132 3594 Oceanus,
1152 3527 1185 3579 ct
1197 3527 1285 3579 truen-

278 3639 377 3703 tentia
400 3637 475 3704 eceli
497 3647 625 3723 prestat
637 3635 819 3716 Germania,
840 3647 963 3702 tanturn
977 3637 1031 3700 illa
1044 3637 1148 3702 clades
1163 3636 1283 3704 novitate

280 3773 313 3828 et
329 3759 545 3846 magnitudine
561 3759 706 3840 excessit,
729 3759 897 3824 hostilibus
921 3759 1042 3824 circum
1068 3759 1224 3840 litoribus,
1244 3763 1284 3818 aut

280 3885 325 3954 io
339 3891 426 3948 vasto
438 3891 470 3946 et
481 3881 650 3966 profundo,
663 3891 699 3946 ut
712 3881 855 3948 credatur
866 3877 1072 3948 novissimum
1086 3899 1123 3943 ae
1136 3879 1205 3946 sine
1215 3871 1284 3942 terris
