2750 4510
261 281 319 348 nr
390 287 392 294 ·
613 253 931 348 murmuro

256 449 405 522 sexcenta
419 447 562 520 sestertia
572 479 581 536 3
605 477 666 540 ego
682 466 873 522 centenses
893 455 992 522 meist
1016 455 1063 520 iiii
1081 453 1297 526 eumisteete

257 579 392 660 insiliis,
405 590 437 644 et
452 581 520 642 sola
532 599 705 642 marmores
716 579 857 660 facienti,
873 589 906 643 et
918 579 1020 663 signs,
1033 583 1169 661 tabulas,
1179 585 1294 669 supel-

254 703 405 782 lectilem,
428 713 461 766 et
485 710 606 766 vestem
632 699 756 764 infinite
776 700 1029 786 concupiscenti,
1051 724 1116 768 uon
1138 705 1236 768 mode
1251 704 1295 768 nd

253 837 416 914 sumptum
430 827 482 890 ille
498 835 546 889 cst
562 827 695 904 fructus,
711 825 874 889 sedetiam
888 825 928 889 ad
939 827 1060 905 frenus,
1073 825 1233 914 exiguusc
1247 849 1293 892 ex

254 973 327 1016 meo
342 949 432 1014 tenui
455 947 611 1030 vectigali,
632 947 782 1012 detractis
805 947 987 1034 sumptibus
1008 947 1205 1034 cupiditatis,
1230 951 1294 1015 nli·

253 1072 329 1158 quid
345 1072 440 1135 etium
456 1071 655 1136 redundabit.
701 1071 782 1134 Uter
799 1071 955 1154 igiturest
972 1071 1092 1138 ditior?
1118 1073 1170 1138 cui
1186 1073 1290 1153 deest,

252 1221 291 1262 an
307 1198 360 1262 cui
374 1199 521 1282 superati
539 1195 593 1282 qui
608 1207 691 1282 eget,
707 1217 746 1260 un
762 1195 817 1281 qui
834 1163 995 1262 abuirdst?
1013 1193 1105 1282 qu'us
1121 1199 1287 1282 possessio

253 1323 317 1408 qud
338 1331 386 1386 est
406 1319 518 1406 major,
540 1323 578 1384 ed
601 1323 674 1406 plus
698 1320 830 1404 requirit
848 1317 890 1384 'sd
914 1343 947 1400 se
964 1321 1136 1400 tuendsm3
1160 1343 1201 1385 an
1217 1343 1290 1407 quse

253 1441 319 1506 suis
340 1463 373 1506 se
387 1441 507 1508 viribus
524 1442 681 1506 sustinet?
712 1441 776 1504 Sed
791 1441 868 1526 quid
884 1461 945 1523 ego
966 1439 1005 1504 de
1020 1462 1071 1504 me
1087 1443 1212 1525 loquor,
1234 1441 1290 1528 qui

253 1587 378 1632 morum
393 1587 428 1630 ae
442 1577 622 1652 temporum
643 1565 721 1630 vitio
738 1565 938 1650 aliquantum
956 1564 1052 1628 etism
1067 1565 1134 1649 ipse
1149 1565 1285 1630 fortasse

254 1689 397 1777 inhujus
412 1689 511 1754 seculi
527 1711 629 1753 errore
645 1691 769 1752 verser?
789 1688 837 1750 M.
849 1687 1004 1752 Manilius
1019 1697 1144 1773 petrum
1159 1697 1289 1753 nostro·

252 1837 322 1878 ruru
344 1811 495 1876 memorie
520 1815 573 1894 (ne
594 1831 719 1894 semper
739 1809 853 1875 Curios
868 1821 901 1874 et
922 1811 1081 1876 Luscinos
1100 1813 1285 1896 loquamur)

253 1934 513 2023 parmenidem
527 1931 598 1996 furt
644 1931 870 1998 nasutum
886 1915 1085 2000 aesrcuras'rn
1102 1931 1239 2016 cassu,
1253 1945 1289 2000 wes

253 2055 387 2120 fundum
400 2057 433 2118 in
450 2054 622 2119 Labicano.
651 2053 721 2118 Nos
738 2053 835 2138 igitur
850 2054 993 2135 ditiores,
1007 2053 1169 2142 quiplurs
1182 2055 1288 2122 habe·

250 2196 322 2242 mus
336 2179 347 2241 ἒ
376 2173 504 2240 Utinam
519 2173 667 2259 quidem!
693 2175 757 2238 Sed
773 2196 837 2240 non
852 2174 1066 2240 aestimatione
1079 2181 1208 2258 census,
1223 2197 1283 2242 se·

252 2305 322 2366 rirm
343 2301 428 2366 victu
444 2311 538 2385 atque
553 2301 643 2363 cultu
664 2297 852 2364 terminatur
866 2299 1015 2384 pecunioe
1035 2301 1162 2368 modus.
1207 2301 1287 2370 Nun

251 2447 319 2490 esse
333 2423 496 2510 cupidum,
510 2422 646 2508 pecunia
655 2435 719 2487 est:
738 2443 805 2486 non
815 2443 884 2486 esse
897 2443 1048 2504 emacem,
1061 2423 1198 2510 vectigal
1211 2437 1279 2494 cers

250 2559 436 2614 contentum
449 2549 521 2611 vere
536 2545 601 2611 suis
616 2547 711 2610 rebus
726 2567 805 2626 esse,
821 2544 968 2611 maximae
983 2557 1059 2614 suut
1075 2547 1282 2614 certissimu-

251 2695 313 2759 quc
328 2673 459 2736 divitiae.

295 2797 424 2888 Etenim
445 2797 472 2859 si
492 2795 544 2859 isti
565 2793 671 2858 callidi
693 2815 798 2859 rerum
819 2793 1026 2859 aestimatores
1047 2803 1137 2880 prete
1149 2803 1182 2860 et
1196 2815 1283 2864 areas

250 2919 400 3001 quasdam
414 2937 529 2998 magno
540 2915 802 2999 estiment,qudd
813 2913 844 2978 ei
853 2913 960 2998 generi
969 2914 1208 3000 possessionum
1217 2917 1280 2982 rui·

252 3039 338 3104 nime
352 3038 441 3122 quasi
453 3037 559 3102 noceri
571 3047 694 3123 potest3
709 3035 820 3122 quanti
833 3047 881 3102 est
890 3037 1076 3106 estimanda
1086 3039 1196 3120 virtus,
1209 3061 1283 3125 quae

250 3182 309 3227 nec
322 3161 410 3246 eripi,
422 3181 482 3225 nee
494 3161 606 3248 surripi
617 3169 723 3247 potest
735 3181 895 3248 unqusrn5
913 3183 1015 3248 neque
1029 3165 1204 3252 naufragio,
1217 3188 1277 3232 ne·

249 3307 310 3371 que
326 3281 473 3348 incendio
486 3281 664 3362 amittitur3
687 3305 747 3348 nec
763 3293 1001 3369 tempestatum,
1023 3307 1083 3348 nec
1098 3295 1278 3372 temporum

249 3403 480 3490 permutatione
503 3405 667 3468 mutetur?
699 3407 762 3489 qud
785 3401 911 3490 prediti
931 3403 985 3489 qui
1010 3413 1097 3486 suut,
1119 3403 1180 3476 soli
1200 3417 1279 3478 sunt

249 3527 373 3595 divites·
