2756 4484
251 203 316 274 376
659 187 890 258 EPISTOLAE

250 365 434 450 conditione
450 355 523 432 vitre
539 361 707 433 videretur.
750 362 869 444 Quare,
893 360 919 426 si
942 359 1002 428 emi
1027 381 1132 428 unum
1152 362 1226 428 hoc
1242 364 1300 428 de.

251 456 345 558 trahi*
359 499 480 578 potest,
505 507 545 554 ne
571 485 646 574 qnid
662 485 724 590 iis,
736 507 815 572 quos
831 483 953 566 emisti,
969 483 1044 550 mali
1060 495 1157 572 putes
1188 487 1300 552 conti.

249 617 345 704 giem,
360 617 554 704 permultum
571 613 629 678 erit
643 634 683 678 ex
698 633 833 678 moernre
849 621 907 678 tuo
919 609 1128 676 diminutum.
1176 611 1297 678 Relin-

249 727 365 828 quetiir
380 737 465 804 enim
490 735 624 822 simplex
645 735 699 800 iiia
713 735 779 822 jem
802 755 878 800 curs
898 733 1015 799 doloris
1036 733 1097 816 tui,
1121 757 1203 822 quse
1229 757 1297 798 non

250 883 323 928 cum
340 861 401 926 illis
417 859 714 938 communicabitur,
730 857 785 924 sed
799 858 838 922 ad
853 869 884 924 te
898 858 1001 944 ipsum
1018 857 1145 944 proprie
1169 859 1294 923 refere-

250 995 320 1048 turz
344 983 377 1048 in
392 985 454 1068 qud
470 1002 534 1046 non
550 978 678 1066 estjam
694 978 854 1068 gravitatis
870 1001 907 1044 ec
921 977 1084 1066 sapientire
1096 989 1177 1060 tun,
1193 999 1293 1066 qnam

249 1117 286 1172 tu
312 1109 331 1170 ἰ
355 1127 454 1190 puero
477 1073 665 1192 prestitisti,
688 1105 767 1168 ferre
783 1101 1017 1168 immoderatids
1032 1121 1143 1166 essum
1160 1101 1292 1168 incom-

246 1227 414 1292 modorum
431 1235 568 1302 tuorum,
593 1225 648 1310 qui
667 1225 708 1290 sit
723 1227 762 1290 ab
778 1243 899 1306 eorum,
914 1244 995 1310 quos
1009 1223 1174 1302 dilexeris,
1191 1224 1291 1290 mise·

247 1349 292 1416 rid
309 1351 455 1436 maioque
470 1345 644 1436 sejunctus.
689 1346 818 1412 Etenim
834 1368 908 1410 eum
924 1367 1047 1431 semper
1060 1356 1093 1410 te
1105 1355 1139 1410 et
1155 1346 1290 1432 privetis

248 1474 280 1540 in
297 1474 391 1538 rebus
407 1483 439 1536 et
454 1470 590 1558 publicis
604 1469 791 1556 prestitisti,
807 1471 922 1536 tuenda
938 1469 996 1536 eibi
1016 1481 1053 1534 ut
1068 1469 1111 1534 sit
1134 1471 1291 1556 gravius,

248 1606 282 1660 et
304 1593 491 1662 constantim
515 1593 725 1658 serviendum.
770 1592 855 1656 Nem
878 1591 1123 1678 quodeiieture
1141 1603 1197 1657 est
1219 1593 1291 1678 ipsa
1361 1647 1362 1718 p

247 1716 448 1798 diuturnitas,
472 1737 544 1804 quae
560 1713 715 1796 maximos
735 1715 841 1780 luctus
864 1723 1019 1780 vetustate
1043 1713 1141 1794 tollit,
1167 1713 1205 1778 id
1231 1737 1289 1780 nos
1361 1719 1362 1722 ’

247 1839 418 1930 praecipere
433 1837 567 1904 consilio
580 1833 981 1926 prudentidquedeb'emus.
1003 1835 1137 1902 Etenim
1153 1837 1183 1901 si
1201 1839 1288 1902 nulls

247 1939 389 2052 unquam
406 1961 478 2042 fuit,
493 1961 598 2028 liberis
613 1961 748 2042 emissis,
772 1971 837 2026 tam
858 1959 1018 2026 imbecillo
1033 1959 1151 2026 mulier
1166 1961 1286 2042 animm

246 2105 319 2172 quoe
344 2105 408 2148 non
433 2082 600 2168 aliquando
624 2083 754 2170 lugendi
781 2083 911 2152 modum
936 2083 1066 2164 iecerit3
1099 2087 1191 2148 ceree
1217 2107 1286 2166 nos,

246 2186 332 2294 qnod
347 2215 395 2268 est
410 2205 477 2270 dies
491 2207 634 2284 allatura,
654 2205 687 2268 id
706 2205 841 2270 consilio
855 2207 1008 2272 anteferre
1021 2206 1178 2274 debemus
1194 2231 1207 2290 3
1231 2231 1287 2274 ne-

243 2347 306 2412 que
327 2333 507 2412 exspectare
533 2323 684 2412 temporis
705 2323 908 2408 medicinam,
934 2347 1028 2418 quam
1054 2339 1285 2414 repraesentare

246 2445 367 2516 ratione
382 2445 550 2534 possimus.

290 2571 353 2640 His
369 2593 429 2658 ego
444 2569 543 2636 literis
557 2570 584 2636 si
599 2569 675 2658 quid
689 2571 905 2660 profecissem,
925 2571 1147 2640 existimabam
1167 2587 1282 2664 opten-

248 2697 326 2762 dum
341 2693 490 2784 quiddam
505 2717 557 2760 me
572 2717 639 2760 esse
655 2703 858 2762 assecutum:
882 2695 934 2762 sin
944 2697 1048 2762 minds
1063 2699 1147 2766 forte
1163 2701 1284 2770 valuis-

246 2827 330 2900 sent,
344 2817 448 2882 officio
462 2827 568 2884 temen
583 2839 650 2882 esse
666 2818 853 2884 functurum
874 2819 1166 2888 benevolentissimi
1187 2835 1285 2914 atque

246 2939 451 3022 amicissimi3
474 2962 568 3028 quem
588 2961 639 3006 me
661 2941 720 3006 tibi
742 2951 776 3007 et
790 2943 887 3008 fuisse
902 2967 1025 3034 semper
1038 2945 1204 3014 existimes
1227 2971 1281 3015 ve·

247 3061 316 3146 lim,
332 3073 364 3130 et
378 3065 522 3131 futurum
537 3085 605 3130 esse
618 3034 769 3134 eonfidns.
812 3063 903 3134 Vale.
