2738 4502
487 269 541 336 En
561 265 698 336 LIVlO.
1056 279 1116 338 189

83 469 173 516 nunc
187 453 410 513 retractantem
425 444 537 530 arripi3
563 443 736 530 postremb‚
748 463 851 529 quum
877 445 965 510 locus
981 447 1116 516 adeundi

85 577 316 664 apparitoribus
343 595 408 640 non
435 572 571 654 daretur,
592 574 660 659 ipse
675 574 889 660 cum‘agmine
911 579 1114 664 patriciorum

79 700 237 788 juvenum
251 721 308 786 per
333 701 456 762 turbam
473 697 601 774 vadens,
617 699 650 762 in
666 678 791 762 vincula
806 699 877 764 duci
892 697 997 785 jubet.
1013 681 1015 686 Ι
1041 683 1115 771 Janr

84 827 169 891 circa
197 825 323 889 Icilium
346 845 411 888 non
442 825 545 886 solum
568 821 753 902 multitud0,
783 825 837 888 sed
864 827 959 890 duces
987 847 1116 915 quoque

82 949 298 1014 multitudinis
325 957 413 1012 crant
436 945 476 1012 L.
501 945 642 1012 Valerius
672 955 704 1010 et
734 947 783 1012 M.
812 947 975 1016 Horatius.
1023 955 1112 1022 Hinc
1192 985 1195 996 ·

84 1087 180 1141 atrox
193 1075 258 1140 rixa
273 1075 383 1142 oritur.
427 1077 587 1142 Valerium
613 1077 851 1164 Horatiumque
871 1081 963 1147 lictor
977 1085 1116 1156 Decem.

84 1207 147 1271 viri
163 1207 291 1272 invadit.
336 1207 579 1292 Franguntur
608 1209 814 1274 multitudine
834 1212 946 1280 fasces.
982 1219 1018 1281 ln
1036 1243 1115 1284 corr-

89 1331 215 1396 cionem
228 1331 350 1417 Appius
364 1333 524 1396 ascendite
540 1343 717 1419 sequuntur
730 1333 882 1400 Horatius
890 1337 1115 1428 Valeriusque:

86 1475 144 1518 cos
161 1454 274 1519 concio
286 1454 384 1534 audit,
397 1454 586 1519 Decemviro
597 1455 801 1542 obstrepitur.
823 1457 845 1522 J
848 1479 897 1522 am
912 1483 969 1545 pro
984 1457 1115 1550 imperio

84 1576 231 1688 Valerius
243 1577 403 1642 discedere
418 1579 436 1640 a
448 1577 569 1662 privato
582 1577 708 1641 lictores
717 1577 870 1664 jubebat3
895 1603 992 1666 quum
1010 1587 1114 1651 fractis

82 1699 198 1766 animis
220 1699 355 1786 Appius,
381 1699 455 1766 vitro
479 1711 637 1779 metuens,
656 1699 689 1764 in
703 1700 833 1766 domurn
850 1727 884 1766 se
899 1707 1109 1794 propinquam

84 1825 169 1904 loro,
184 1823 291 1888 insciis
313 1823 506 1904 adversariis,
523 1824 626 1910 capite
641 1826 805 1906 obvoluto,
826 1821 956 1913 recepit.
973 1831 1029 1918 Sp.
1045 1835 1116 1920 Op-

84 1947 173 2034 pius,
198 1957 233 2009 ut
259 1945 377 2010 auxilio
396 1946 529 2030 collegae
551 1957 645 2025 esset,
671 1946 704 2009 in
729 1949 832 2011 lorum
857 1971 895 2012 ex
912 1943 1007 2015 alteri
1029 1963 1117 2038 parte

87 2071 245 2156 irrumpit.
270 2065 366 2134 Videt
381 2069 547 2156 imperium
563 2069 593 2133 vi
606 2070 738 2136 victum.
761 2070 896 2155 Agitatis
911 2067 1025 2140 deinde
1037 2099 1116 2142 con-

84 2195 177 2274 siliis,
194 2205 339 2258 senatum
355 2195 516 2278 postremo
531 2193 636 2258 vocari
651 2191 765 2280 jussit.

131 2318 294 2406 Virginius
328 2315 375 2402 [in
408 2318 528 2404 castris]
562 2314 725 2402 majorem,
759 2323 855 2404 quim
886 2321 1052 2406 reliquerat
1086 2325 1119 2391 iu

86 2445 179 2522 urbe,
204 2455 325 2507 motum
357 2439 483 2506 excivit.
529 2440 614 2504 Nam
643 2451 853 2526 praeterquam
882 2444 965 2527 qudd
994 2447 1119 2532 agmine

86 2567 188 2653 prope
220 2561 523 2648 quadringentorum
553 2559 721 2624 hominum
747 2561 889 2640 ueniens,
927 2578 1117 2650 conspectus

89 2697 158 2764 est3
182 2684 326 2748 strictum
350 2681 444 2746 etiam
464 2683 575 2758 telum,
597 2701 818 2766 respersusque
844 2681 911 2766 ipse
932 2703 1041 2748 cruore
1056 2695 1124 2750 tota

87 2812 122 2875 in
138 2831 173 2874 se
190 2820 290 2872 castra
305 2805 471 2870 convertit.
517 2803 742 2874 Quaerentibus
762 2801 838 2888 quid
861 2803 905 2868 rei
928 2816 1022 2887 esset,
1042 2809 1120 2876 flens

90 2931 149 2998 diu
180 2951 292 2995 vocem
319 2951 384 2992 non
411 2925 516 2992 misit:
548 2927 677 2990 tandem
698 2935 735 2990 ut
760 2923 828 3011 ja'rn
851 2947 890 2989 ex
911 2927 1121 3013 trepidatione

87 3051 347 3120 concurrentium
371 3051 465 3115 turba
490 3045 645 3124 constitit,
669 3067 705 3112 ac
727 3045 889 3112 silentium
915 3047 989 3130 luit,
1011 3051 1121 3116 ordine

87 3185 218 3251 cuncta,
235 3185 273 3238 ut
286 3183 377 3259 gesta
392 3179 492 3250 erant,
508 3167 664 3255 exposuit.
688 3168 852 3234 Clamabat
867 3171 1050 3254 multitudo,
1063 3195 1122 3238 nec

89 3297 179 3363 illius
202 3296 317 3374 dolori,
349 3315 410 3358 nec
441 3313 508 3358 sure
531 3290 666 3355 libertati
690 3311 722 3354 se
745 3289 919 3356 defuturos.
963 3291 1015 3354 Ad
1038 3312 1124 3358 arma

86 3429 316 3507 conclamatur,
329 3436 362 3491 et
373 3425 506 3490 Romam
520 3421 773 3510 proficiscuntur.
803 3422 852 3487 lbi
869 3433 904 3486 ut
919 3421 1053 3507 quisque
1068 3445 1122 3488 oc-

40 3595 52 3611 ,
89 3559 242 3626 currerat,
269 3551 393 3634 plebem
409 3537 672 3632 adrepeteudam
696 3543 886 3623 libertatem,
911 3543 1124 3630 creandosque

88 3675 238 3738 tribunos
267 3671 381 3756 plebis,
395 3669 611 3733 adhortantur.
650 3665 804 3729 Senatum
831 3667 888 3750 Sp.
915 3667 1039 3750 Oppius
1067 3667 1124 3732 ho·

86 3799 165 3864 bet:
191 3791 271 3857 nihil
286 3795 391 3877 placet
405 3773 512 3876 aspere
528 3785 592 3872 agi.
635 3785 780 3850 Tandem
798 3783 937 3850 militum
959 3797 991 3851 et
1014 3788 1125 3873 populi

89 3931 253 3980 consensu
269 3909 453 3978 Decemviri
466 3907 655 3976 abdicabant
670 3927 703 3972 se
718 3905 916 3992 magistratu.
954 3905 1126 3993 Extemplo
