2750 4510
492 266 547 340 Ee
566 269 700 341 urvlo.
1048 275 1108 350 m

86 601 233 682 ornas
259 563 457 671 tarwanam
480 603 650 672 narrare
670 627 702 670 se
724 599 889 670 omaus.
933 602 1005 668 nra.
1026 601 1089 669 111.

507 721 547 788 o.
564 723 599 790 e.
623 731 698 790 296.

69 891 176 1010 VIS
191 932 382 998 Sabinorum
405 932 520 1016 ingens
545 939 642 1018 propt
667 932 707 998 ad
731 933 859 1012 moenia,
874 931 961 998 urbis
986 931 1103 998 inresu

63 1057 275 1146 populatione
289 1055 388 1120 venit.
434 1055 558 1120 Foedati
582 1055 659 1140 agri,
677 1068 776 1120 terror
799 1055 938 1142 injectus
956 1057 1025 1123 urbi
1041 1069 1101 1125 cst.

65 1181 157 1243 'lum
179 1177 269 1263 plebs
294 1175 432 1260 benigne
457 1197 544 1240 arma
564 1177 658 1263 cepit.
706 1177 964 1244 Reclamautibus
986 1181 1103 1254 irustrl

67 1297 220 1377 tribunis,
236 1297 343 1382 magni
367 1297 432 1362 duo
456 1297 613 1362 exercitus
637 1297 758 1383 scripti.
802 1301 947 1364 Alterum
965 1301 1102 1366 Nautius

69 1431 182 1486 contre
191 1417 326 1484 Sabinos
335 1419 425 1482 duxit
437 1442 446 1496 ς
470 1419 640 1503 castrisque
651 1420 690 1481 ad
700 1418 831 1483 Eretum
844 1419 965 1503 positis,
977 1441 1033 1505 per
1043 1443 1102 1486 ex·

68 1542 250 1630 peditiones
264 1563 383 1626 parvas,
395 1543 581 1625 plerumque
597 1540 760 1604 nocturnis
776 1539 1020 1622 incursionibus,
1030 1553 1102 1608 tan·

69 1677 135 1732 tam
151 1665 329 1730 vastitatem
353 1664 385 1727 in
402 1663 521 1728 Sabino
545 1685 621 1747 agro
644 1663 790 1745 reddidit,
807 1675 853 1745 ut,
870 1665 1040 1750 cornparati
1058 1663 1101 1730 ad

69 1783 263 1874 eam,'propt
276 1785 386 1852 intacti
398 1789 483 1852 bello
495 1786 575 1850 lines
590 1785 726 1851 Romani
738 1787 929 1851 viderentur.
953 1787 1100 1854 Minucio
1137 1868 1141 1876 ι

72 1935 177 2000 neque
187 1911 438 1974 fortunanecris
448 1909 545 1974 anirni
561 1910 669 1973 cadem
682 1909 716 1973 in
731 1909 869 1994 gerendo
884 1911 1014 1994 negotio
1029 1911 1099 1978 luit.

71 2037 163 2104 Nam'
173 2055 271 2121 quum
288 2034 371 2098 haud
395 2037 506 2120 procul
529 2036 567 2096 ab
593 2035 684 2096 hoste
710 2045 812 2098 castra
829 2035 999 2119 posuisset,
1014 2037 1104 2100 nulli

72 2181 265 2248 magnopere
277 2158 364 2222 clade
377 2161 518 2241 accepti,
526 2155 638 2224 castris
649 2177 681 2219 se
695 2155 825 2241 pavidus
838 2157 977 2222 tenebat.
1006 2157 1102 2229 Quod

71 2287 127 2353 ubi
139 2292 307 2352 senscrunt
319 2281 436 2360 hostes,
450 2279 547 2343 crevit
559 2301 599 2343 ex
614 2289 702 2344 metu
717 2281 832 2360 alieno,
846 2293 882 2344 ut
892 2280 940 2360 fit,
951 2279 1100 2348 audacias

72 2421 113 2490 et,
125 2417 222 2476 noete
234 2403 334 2470 adorti
347 2413 459 2483 eastra,
472 2413 642 2488 postquam
655 2403 765 2489 pa'rdm
779 2407 825 2468 vis
838 2415 944 2488 aperta
955 2405 1101 2489 profece-

73 2543 132 2611 rat,
147 2528 342 2594 munitiones
358 2535 484 2611 postero
499 2524 549 2587 die
565 2524 771 2588 circumdant.
816 2525 898 2594 Quae
913 2521 1107 2608 priusquam,

76 2653 220 2738 undique
235 2651 317 2713 vallo
331 2646 458 2733 objecto
473 2647 657 2710 clauderent
680 2645 795 2723 exitus,
810 2645 952 2728 quinque
966 2645 1101 2732 equites,

73 2772 325 2844 intentationes
341 2769 483 2834 hostium
506 2767 625 2844 emissi,
641 2767 776 2830 Romam
799 2765 965 2851 pertulere,
981 2785 1096 2832 eonsu-

75 2899 138 2964 lem
153 2895 391 2978 exercitumque
414 2889 563 2956 obsideri.
607 2889 698 2954 Nihil
722 2899 787 2952 tarn
812 2899 871 2954 neo
886 2887 1099 2974 inopinatum,

74 3041 132 3088 uec
146 3019 344 3102 insperatum
353 3014 495 3080 accidere
507 3013 624 3098 potuit.
649 3011 760 3098 ltaque
772 3021 878 3076 tantus
890 3033 998 3096 paror,
1011 3023 1101 3080 tanta

74 3139 244 3232 trepidatio
259 3139 332 3222 fuit,
347 3149 466 3226 quanta
487 3137 514 3201 si
533 3113 657 3214 urbem,
681 3157 747 3200 non
770 3147 880 3218 castra,
897 3137 1003 3202 hostes
1018 3137 1103 3203 obsi·

72 3263 194 3332 darent.
237 3259 396 3326 Nautium
410 3257 574 3322 consulem
598 3267 772 3336 arcessunt,
796 3255 829 3320 in
845 3279 909 3342 quo
925 3277 1024 3341 quum
1033 3273 1101 3340 ‘pa-
1182 3327 1186 3335 ,

76 3387 147 3452 rdru
174 3381 315 3471 preasidii
338 3381 505 3458 videretur,
533 3379 781 3466 dictatoremque
802 3379 864 3444 dici
888 3382 1036 3464 placeret,
1050 3379 1105 3466 qui

73 3529 141 3572 reru
155 3507 332 3592 perculsam
356 3503 535 3566 restitueret
544 3525 554 3582 ς
579 3503 616 3565 12.
632 3501 782 3572 Quintius
799 3501 1006 3566 Cincinnatus
1022 3521 1102 3566 con·

75 3647 173 3698 seusu
195 3625 340 3693 omnium
364 3625 489 3690 dicitur.
535 3625 650 3708 Operae
673 3625 809 3711 pretium
833 3635 882 3688 est
907 3623 1025 3707 audire,
1051 3625 1106 3712 qui

76 3753 184 3820 omnia
198 3773 266 3838 prm
280 3748 397 3817 divitiis
413 3749 551 3813 humana
563 3757 845 3833 spernunt,neque
861 3745 974 3814 honori
987 3767 1106 3834 arogno

77 3881 197 3958 locum,
213 3895 316 3960 neque
340 3871 447 3940 virtuti
466 3879 580 3960 putant
600 3891 680 3952 esse,
697 3869 756 3938 nisi
785 3870 839 3936 ubi
860 3871 957 3938 elisue
979 3871 1106 3946 affluant

582 3998 645 4063 Aa
