2724 4494
454 259 733 332 turnucum.
1048 271 1111 334 983

47 434 89 500 vi
108 433 238 500 intulite
264 436 337 504 cum
352 441 426 501 ente
443 436 476 502 in
494 437 651 524 Hispania
676 436 788 502 murali
809 439 937 518 cornui,
953 439 985 504 in
1001 440 1110 522 Africi

50 557 255 624 obsidionali
270 559 408 624 donatus
423 569 525 640 esset;
550 560 583 624 in
598 559 754 646 Hispania
766 561 852 642 verb,
865 561 961 626 etiam
978 583 1016 626 ex
1032 585 1108 649 pro·

55 679 247 762 evocatione,
278 679 346 766 ipse
375 681 519 748 modicus
551 681 675 764 virium,
708 682 854 750 immanis
880 683 1108 768 magnitudinis

49 803 193 878 bostem
213 791 445 868 interemisset:
468 801 612 892 Eamque
636 806 759 886 urbem,
775 805 876 892 magis
900 805 1016 872 invidit
1042 808 1104 872 irn-

54 909 144 1011 pcr'ii
159 927 254 1009 quim
281 925 378 990 uilius
402 924 471 1012 ejus
498 927 651 1014 temporis
681 949 775 994 norm
802 929 937 996 invisam
960 929 1106 998 Romano

56 1041 202 1123 nomini,
216 1044 360 1110 tunditur
375 1046 522 1124 sustulit3
546 1047 686 1132 iecitque
702 1067 770 1116 sue
781 1047 904 1116 virtutis
917 1071 1110 1118 monumen·

57 1183 148 1250 turn,
161 1167 246 1254 quod
257 1170 360 1234 iuerat
372 1169 421 1232 nvi
434 1168 503 1255 ejus
514 1170 705 1236 clementie.

107 1289 233 1356 Eodem
263 1309 359 1372 anno,
390 1311 455 1376 quo
491 1291 652 1377 Carthago
681 1293 831 1374 concidit,
859 1295 897 1360 b.
929 1297 1107 1364 Mummius

64 1409 261 1476 Corinthum
276 1409 422 1476 {unditus
437 1411 530 1476 emit.
578 1411 716 1496 Uterque
736 1413 918 1500 imperator,
940 1415 1106 1484 devictmi

59 1557 95 1598 se
114 1533 222 1620 gentis
234 1533 365 1601 nurnine
387 1533 569 1614 honoratus,
582 1536 661 1598 aiter
674 1533 849 1618 Africanus,
864 1539 943 1602 niter
962 1541 1107 1624 appelia-

62 1669 120 1722 tns
132 1665 182 1722 est
196 1655 361 1723 Acinicur.
405 1653 476 1724 Nee
488 1656 655 1742 quisquam
671 1677 710 1722 er
721 1655 814 1722 nouis
826 1655 1008 1724 hominibus
1022 1658 1109 1743 prior

65 1779 232 1846 Mummio
252 1799 434 1864 cognomen
457 1779 576 1846 virtute
601 1789 736 1868 partum·
755 1779 936 1848 vindicavit.
980 1779 1107 1846 Diversi

66 1903 311 1991 imperatoribus
326 1923 442 1986 morer,
457 1903 579 1972 diverse
591 1905 681 1972 fuere
695 1903 810 1972 studim
854 1905 981 1992 Quippe
997 1905 1106 1994 Scipio

63 2041 134 2108 turn
145 2029 275 2112 elegans
293 2027 470 2097 liberriium
496 2027 686 2108 studiorum,
702 2028 869 2114 omnisque
891 2028 1055 2112 doctrinm,
1071 2039 1103 2098 et

63 2133 177 2230 auctor
195 2167 228 2220 et
240 2155 410 2226 admirator
423 2157 496 2238 init,
511 2169 550 2224 ut
564 2155 732 2244 Polybium
753 2157 1005 2246 Pnnmtiuurque,
1019 2179 1107 2246 pree·

61 2287 216 2352 uellentes
229 2284 361 2370 ingenio
384 2285 481 2366 viror,
496 2285 585 2352 dorni
607 2285 794 2374 militineque
817 2307 926 2354 recum
947 2285 1103 2354 hebuerit.

59 2407 177 2494 Neque
191 2406 277 2474 enim
300 2407 467 2493 quisquam
489 2407 551 2472 hoc
566 2406 717 2494 Scipione
741 2409 917 2494 elegantius
938 2409 1104 2475 intennlin

56 2529 262 2614 negotiorum
275 2529 342 2594 otio
369 2529 543 2614 dispunxi,
567 2549 754 2615 semperque
778 2539 835 2596 cut
850 2531 925 2596 belli
939 2540 994 2596 eut
1008 2531 1097 2616 pecie
1175 2527 1180 2538 '

62 2653 172 2720 serviit
186 2653 327 2720 artibus:
350 2671 475 2736 semper
490 2651 572 2716 inter
592 2671 678 2716 orme
701 2673 737 2715 nc
762 2652 867 2717 studia
880 2663 1033 2733 versutus,
1047 2663 1104 2718 aut

65 2797 182 2862 corpur
196 2775 356 2862 periculis,
370 2785 426 2840 eut
440 2773 582 2840 animum
605 2773 779 2862 disciplinis
794 2775 945 2840 exercuit.
989 2775 1103 2842 Mum·

62 2901 150 2966 mins
165 2909 230 2964 tum
245 2897 331 2964 rudis
353 2897 426 2978 suit,
442 2909 479 2962 ut
502 2903 596 2984 cepti
610 2896 779 2978 Corintho,
794 2901 868 2964 edm
889 2897 1099 2966 mtuximonrm

59 3023 218 3090 artificum
231 3023 386 3110 perfecus
410 3023 558 3088 munibus
581 3025 705 3088 tubulus
730 3045 766 3086 uc
790 3033 908 3089 statuas
924 3025 957 3090 in
975 3025 1099 3092 italiam

56 3145 228 3234 portandus
253 3146 382 3225 locaret,
399 3142 527 3231 juberet
555 3145 684 3232 praedici
712 3147 977 3229 conducentibus,
996 3151 1023 3212 ui
1046 3171 1102 3214 eur

57 3265 271 3351 perdidicerit,
286 3285 382 3332 noum
395 3285 447 3330 eor
461 3265 642 3332 reddituros.
688 3265 765 3332 Non
788 3275 894 3332 tamen
909 3277 988 3352 puto
1002 3267 1099 3334 dubi·

61 3403 122 3470 tes,
137 3387 252 3472 Vinici,
264 3388 342 3474 quin
362 3387 463 3473 magis
474 3407 531 3473 pro
542 3386 705 3472 republica
724 3387 832 3468 fuerit,
848 3411 976 3454 munere
995 3390 1099 3458 adbuc

60 3513 172 3579 rudem
188 3509 426 3576 Corinthiorum
448 3509 661 3590 intellectum,
676 3515 773 3596 quim
795 3509 828 3574 in
851 3522 973 3578 tuntum
995 3535 1032 3578 eu
1046 3515 1099 3580 in·

60 3634 182 3716 telligi5
205 3641 238 3698 et
253 3631 330 3718 quin
344 3632 404 3698 hic
417 3629 583 3716 prudentii
598 3629 654 3694 iile
668 3629 881 3716 imprudentia
893 3633 999 3700 deutri
1014 3638 1096 3722 pub.

71 3759 134 3826 iico
150 3755 246 3822 suerit
260 3753 509 3824 convenientior.

536 4005 641 4110 Qui
