2750 4510
225 271 287 330 106
567 265 621 330 Er
640 265 692 334 M.
714 263 882 336 rutero

222 437 487 524 quenturliterae,
502 461 638 526 quercus
652 439 730 506 hnic
741 444 813 508 loeo
828 463 893 508 non
905 439 1016 522 deerit,
1031 463 1105 528 que
1120 440 1268 508 Mariana

225 559 367 626 dicatur:
400 583 512 647 eaque,
541 573 578 628 ut
606 563 650 628 ait
679 563 822 630 Scaevola
851 563 890 628 de
920 539 1024 630 fratris
1055 563 1119 630 mei
1148 565 1270 644 Maria,

226 681 372 748 (Μαι
393 683 490 748 seclis
513 683 785 748 lamentabilibus.
831 683 902 748 Nisi
930 687 1011 750 forte
1039 685 1178 750 Atbenae
1200 695 1269 750 ree

223 805 449 893 sempiternam
475 806 509 870 in
534 827 604 872 aree
626 807 729 872 oleam
757 816 866 872 tenere
888 817 1073 891 potuerunt,
1093 819 1159 888 aut,
1181 805 1273 894 qubd

225 926 421 996 Homericus
437 927 568 1014 Ulysses
583 929 657 994 Deli
675 951 709 994 se
730 951 893 1016 proceram
912 942 945 996 et
967 943 1107 996 teneram
1129 933 1271 1016 palmam

223 1047 340 1116 vidisse
368 1047 460 1128 dixit,
487 1049 581 1114 hodie
611 1059 791 1116 monstrant
816 1051 962 1116 eandem.
1008 1051 1178 1138 Multaque
1205 1051 1272 1116 alia

225 1170 336 1238 multis
361 1171 440 1238 loeis
463 1171 581 1236 diutibs
603 1171 902 1238 commemoratione
927 1183 1071 1254 manent,
1088 1175 1185 1258 quim
1208 1195 1272 1240 ua-

226 1297 296 1386 turb
320 1303 402 1360 stare
426 1303 611 1380 potuerunt.
655 1295 760 1366 Quare
783 1293 961 1378 glandifera
984 1293 1039 1358 illa
1058 1315 1205 1380 quereus,
1227 1315 1272 1360 ex

226 1419 291 1502 qui
306 1413 383 1482 olim
397 1415 532 1480 evolavit

403 1535 520 1600 Nuntia
526 1531 622 1616 sulen
637 1535 736 1614 Joeb,
751 1533 896 1602 iurando
908 1533 1102 1619 uisastgard,

225 1681 312 1726 nuuc
332 1657 376 1724 sit
396 1659 488 1724 baeer
512 1657 568 1722 sed
589 1626 662 1724 ebur
686 1677 755 1722 earu
782 1667 966 1742 tempestas,
989 1665 1167 1722 vetustasve
1187 1677 1271 1720 eon·

228 1779 412 1866 sumpserit,
428 1791 534 1844 tamen
551 1779 609 1842 erit
632 1779 731 1844 bisin
755 1778 845 1860 locis,
867 1799 962 1862 quam
980 1778 1157 1844 Marianam
1172 1799 1271 1864 quer-

226 1905 441 1970 eum-vocent.
485 1903 553 1966 Art.
578 1902 655 1966 Non
677 1899 791 1968 dubito
813 1901 844 1966 iel
862 1901 1015 1988 quidemr
1040 1902 1096 1967 sed
1117 1903 1179 1968 hoc
1196 1900 1267 1988 jam

228 2045 293 2088 non
308 2045 347 2086 ex
363 2031 407 2103 te,
422 2022 554 2102 Quinte,
570 2043 691 2108 quaero,
707 2026 815 2088 verbm
830 2029 876 2088 ex·
887 2023 956 2110 ipso
971 2027 1077 2110 pottd,
1092 2023 1182 2090 tuine
1197 2045 1270 2088 ver-

228 2167 282 2210 sus
304 2146 388 2210 hane
409 2167 563 2230 quercum
586 2145 734 2226 severint,
755 2167 795 2210 an
820 2145 864 2210 ita
887 2147 1009 2212 foetum
1034 2146 1073 2212 de
1094 2145 1210 2227 Mario,
1234 2157 1272 2212 ut
1341 2193 1344 2202 ι

207 2314 213 2327 κ
228 2269 351 2350 scribis,
366 2265 524 2354 acceperis
540 2269 550 2333 l

269 2393 359 2458 Mur.
375 2391 587 2476 Respondebo
602 2389 661 2454 tibi
682 2373 841 2478 equidem,
864 2391 920 2456 sed
936 2411 1000 2456 non
1016 2395 1089 2458 arrtb
1110 2395 1207 2478 quitur
1229 2403 1265 2458 tn

223 2513 291 2600 ipse
306 2511 385 2578 milri
401 2509 609 2598 responderis,
633 2511 759 2576 Attice:
784 2515 921 2594 certene,
945 2535 1011 2578 non
1033 2515 1129 2599 longe
1157 2515 1262 2580 aruis

225 2635 347 2700 aedibus
363 2633 576 2712 inambulans,
587 2641 660 2718 post
672 2654 838 2698 excessum
849 2653 944 2698 suurn
958 2632 1116 2698 Romulus
1129 2631 1266 2700 Proculo

226 2759 317 2826 lulio
344 2757 470 2839 dixerit,
493 2779 527 2824 se
552 2757 649 2822 deum
673 2777 755 2838 esse,
783 2767 815 2822 et
839 2755 1010 2828 Quirinum
1038 2757 1154 2838 vocari,
1184 2769 1267 2822 tem-

226 2849 379 2968 plbiuque
405 2881 466 2947 sibi
491 2879 626 2946 dedicari
649 2879 683 2946 in
709 2901 748 2944 eo
774 2883 846 2944 loco
871 2877 1028 2964 jusserit?
1060 2891 1093 2944 et
1117 2880 1266 2960 Albanis,

227 3023 295 3070 uon
323 3004 419 3088 longe
449 3003 525 3068 item
551 3005 570 3066 b
599 3006 654 3070 tut
689 3001 743 3068 illa
772 3001 903 3088 antiqua
940 3002 1046 3082 domo,
1085 3003 1265 3088 Orithyiam

224 3133 346 3222 Aquilo
374 3135 563 3201 sustulerit?
594 3133 640 3200 sie
666 3133 752 3199 enim
780 3143 830 3198 est
856 3134 1020 3200 traditum.
1065 3137 1135 3202 Art.
1159 3137 1267 3208 Quor·

222 3282 295 3331 sum
316 3258 455 3336 tandem,
477 3270 608 3324 auteur
628 3257 842 3344 istaquaeris?
869 3259 957 3324 Mor.
982 3259 1072 3324 Nihil
1096 3265 1184 3338 sane,
1208 3259 1268 3325 nisi

221 3407 268 3452 ne
284 3385 378 3451 nimis
392 3381 560 3465 diligenter
579 3381 717 3470 inquiras
733 3382 766 3446 in
789 3405 836 3458 ea,
857 3405 929 3470 quae
950 3383 1123 3448 istomodo
1144 3405 1267 3452 memo·

227 3505 282 3572 rire
298 3507 362 3572 sint
377 3505 512 3592 prodita.
555 3505 624 3571 Art.
643 3505 742 3591 Atqui
757 3507 859 3572 multa
881 3515 1069 3592 quaeruntur
1091 3505 1124 3570 in
1148 3505 1265 3588 Mario,

222 3626 354 3706 ¹liutans,
369 3649 409 3690 an
425 3647 497 3692 vera
520 3623 605 3704 sint;
629 3637 661 3692 et
680 3629 700 3690 b
723 3625 896 3706 nonnullis,
920 3626 1006 3712 quod
1029 3637 1062 3690 et
1088 3625 1122 3690 in
1147 3624 1267 3692 recenti

186 3759 189 3766 '
227 3749 391 3828 memorii,
414 3760 446 3813 et
467 3749 499 3814 in
520 3747 663 3835 Arpinati
686 3748 833 3814 bomine:
859 3749 914 3814 sed
936 3749 1082 3815 veritaris
1099 3760 1131 3814 te
1151 3759 1266 3835 postn-

229 3873 322 3938 latur.
368 3870 457 3936 Mur.
472 3869 517 3938 Et
531 3869 722 3950 mehercule,
737 3889 798 3954 ego
814 3889 865 3936 me
880 3866 975 3953 cupio
994 3889 1059 3934 non
1081 3868 1265 3934 mendacem
