2718 4480
515 258 570 331 m
591 263 721 330 mvm.
917 241 922 252 '
1078 269 1142 345 rer

154 437 400 504 Adversus'haec
415 437 583 524 imperator
605 438 768 503 Romanus
788 437 822 502 in
842 437 924 502 hunc
938 439 1004 506 iere
1017 445 1147 504 senteri-

102 559 186 625 tiem
210 560 383 646 respondit.
436 561 546 626 “Non
571 581 631 624 me*
650 562 790 641 fallebat,
813 561 966 641 Annibal,
992 562 1143 630 adventus

98 685 148 749 tui
172 705 229 769 spe
250 683 526 770 Carthaginienses
546 696 579 750 et
600 697 799 770 presentem.
815 685 1010 749 induciarum
1031 685 1137 766 fidem,

98 817 135 872 et
150 829 240 894 spem
254 807 340 892 pacis
357 809 509 872 turbasse.
553 808 667 891 Neque
692 817 729 871 tu
743 805 775 872 id
790 811 864 870 sane
881 807 1070 890 dissimulas,
1085 799 1141 895 qui

101 933 143 996 de
160 929 393 994 conditionibus
408 929 624 1015 superioribus
638 929 726 1014 pacis
750 929 857 994 omnin
870 931 1043 1010 subtrahas,
1059 951 1141 1016 pres·

100 1063 152 1116 ter
164 1073 211 1132 eu,
226 1050 491 1138 quaejampridem
504 1052 656 1117 innostrt
678 1061 834 1136 potestate
852 1063 938 1117 sunt.
981 1053 1140 1133 Ceterirm,

99 1175 259 1239 sicuttibi
274 1197 356 1239 curte
372 1185 430 1254 est,
445 1175 562 1240 sentire
587 1173 671 1240 cives
695 1185 778 1255 tuos,
794 1187 913 1258 quanto
927 1197 982 1260 per
997 1185 1028 1239 te
1042 1197 1137 1240 onere

99 1298 267 1376 leventur3
289 1298 335 1362 eie
356 1297 434 1364 mihi
456 1298 660 1362 laborandum
671 1307 741 1377 est,
755 1317 807 1378 ne,
822 1319 893 1382 quae
909 1309 986 1363 tune
1002 1300 1134 1384 pepige-

99 1431 188 1500 runt,
203 1420 296 1485 hodie
311 1425 472 1486 subtracta
495 1441 534 1484 ex
558 1421 793 1486 conditionibus
815 1422 901 1506 pacis
916 1424 1045 1506 preemie
1060 1443 1133 1507 per·

6 1513 34 1610 A.
99 1539 184 1604 iidiae
211 1540 356 1604 habeant.
408 1539 548 1624 leidigin,
574 1539 687 1626 quibus
712 1543 821 1605 eedem
849 1549 955 1626 poteet
980 1541 1132 1620 conditio,

99 1671 139 1726 ut
153 1662 248 1726 etiem
269 1663 366 1747 prosit
389 1661 478 1727 vobis
501 1665 596 1742 treus,
611 1665 730 1748 petitis.
775 1663 888 1748 Neque
913 1675 1016 1748 patres
1032 1663 1133 1728 nostri

98 1783 217 1871 priores
234 1785 272 1849 de
288 1785 405 1862 Sicine,
420 1807 521 1871 neque
534 1807 592 1849 nos
615 1787 653 1849 de
671 1786 836 1872 Hispania,
852 1787 983 1850 fecimus
999 1787 1129 1850 bellum.

94 1905 140 1969 Et
156 1917 234 1970 tunc
248 1906 510 1970 Mamertinorum
534 1909 690 1971 sociorum
713 1908 902 1992 periculum,
924 1918 956 1972 et
971 1931 1057 1972 nune
1071 1909 1131 1972 Se·

98 2029 194 2114 gumi
208 2029 364 2094 excidium
377 2031 467 2094 nobis
492 2030 543 2113 pio
567 2051 603 2094 ue
621 2028 709 2116 justu
731 2013 901 2095 induerunt
924 2052 1021 2095 erma.
1065 2029 1131 2094 voe

99 2152 276 2234 lacessisse,
293 2165 324 2216 et
340 2163 375 2217 tu
389 2153 456 2239 ipse
472 2153 590 2233 suteris,
603 2164 634 2217 et
647 2153 701 2217 Dii
712 2163 808 2218 testes
821 2165 915 2234 sunt3
938 2154 993 2239 qui
1004 2164 1036 2236 et
1045 2153 1130 2218 illins

97 2275 177 2340 helii
192 2275 310 2340 exitum
324 2277 498 2342 seeundum
511 2275 565 2364 jus
585 2278 694 2363 iusque
715 2277 881 2359 dederunt,
896 2288 928 2344 et
943 2274 1038 2364 hujus
1053 2278 1130 2349 dant

95 2404 133 2460 et
148 2395 281 2488 debunt.
826 2409 830 2416 “
1096 2385 1109 2400 ”

115 2513 118 2521 ’
143 2519 275 2589 “Quod
289 2519 327 2584 ed
342 2541 393 2584 me
415 2521 538 2600 attinet,
554 2531 587 2585 et
610 2524 757 2586 humente
780 2523 969 2587 infirmitatis
984 2523 1126 2602 memini,

96 2651 131 2706 et
146 2643 210 2708 vim
224 2645 357 2712 iorumae
373 2656 495 2730 reputo,
512 2655 544 2708 et
556 2647 672 2723 onmia,
689 2657 884 2729 quaecunq'ue
899 2645 1032 2730 egimus,
1049 2649 1127 2710 sub·

57 2741 61 2746 ⁵
91 2765 182 2852 jecta
196 2789 263 2832 esse
278 2770 363 2833 mille
375 2769 498 2834 casibus
509 2769 585 2833 scio.
623 2769 780 2848 Ceterum,
793 2769 1057 2858 quemadmodum
1070 2791 1126 2832 su·

97 2891 197 2974 perire
212 2901 243 2953 et
258 2891 412 2956 violenter
427 2913 477 2954 me
491 2891 604 2955 faterer
626 2893 739 2969 fucere,
755 2891 782 2954 si
796 2891 976 2975 priusquam
991 2890 1024 2954 in
1041 2891 1127 2954 nni-

98 3037 170 3080 eam
186 3013 387 3101 trajecissem,
400 3025 431 3080 to
440 3019 495 3079 tut
508 3018 669 3079 voluntate
689 3015 853 3082 cedentem
864 3015 964 3094 Itelii,
976 3027 1008 3079 et
1020 3017 1124 3100 impo-

97 3135 162 3204 aito
174 3136 207 3200 in
220 3159 312 3200 naves
322 3137 470 3217 exercitu,
483 3139 587 3221 ipsum
600 3138 778 3200 venientem
789 3137 827 3200 ed
838 3157 947 3222 pacem
956 3138 1125 3222 petendam
1149 3177 1153 3191 ·

98 3279 297 3348 aspemerer3
320 3262 366 3326 sic
381 3283 477 3337 nune,
493 3281 592 3344 quum
606 3265 702 3344 prope
715 3281 810 3323 manu
823 3265 965 3324 conserti
976 3262 1126 3323 restitum·¹

98 3395 165 3451 tem
181 3403 217 3444 ae
243 3385 500 3468 tergiversantem
523 3379 555 3442 in
579 3380 716 3443 Africam
738 3381 928 3470 attraxerim,
952 3381 1125 3454 nulltsum

97 3497 160 3566 tibi
171 3498 360 3562 verecundi&
375 3495 554 3560 obstrictus.
598 3491 732 3557 Proinde
748 3495 775 3558 si
797 3494 873 3580 quid
888 3494 927 3557 ad
941 3515 987 3570 ee,
1003 3493 1035 3557 in
1050 3516 1124 3578 queo

94 3631 167 3685 tum
178 3639 242 3704 pax
255 3626 445 3682 conventura
470 3615 641 3694 videbatur,
658 3619 743 3700 (quae
765 3616 840 3695 sint,
857 3613 971 3696 ndstiz)
995 3619 1123 3682 mulctet

97 3741 229 3810 nuvium
244 3763 318 3806 eum
333 3750 511 3806 commeatu
526 3759 580 3824 per
600 3738 740 3802 inducias
761 3734 1021 3824 exptigneterum,
1036 3743 1123 3824 legu-

96 3877 267 3964 torumque
282 3865 468 3930 violatorum
492 3859 637 3947 adjicitur
642 3885 652 3940 ;
676 3864 824 3948 estquod
848 3865 977 3931 referem
993 3865 1031 3932 ud
1045 3863 1124 3932 coo.

552 3983 590 4051 M
606 4007 638 4051 m
653 3993 673 4052 2
