2748 4472
223 217 306 286 ,412
645 198 887 270 EPlsTOLAE.

244 379 296 444 An
312 377 538 458 contemnitur,
554 377 608 470 qui
623 377 803 464 imperium,
818 377 873 468 qui
887 379 986 442 fasces
1001 377 1108 456 habet,
1133 373 1193 441 nisi
1219 370 1274 460 qui

244 501 387 584 humilis,
410 509 442 565 et
465 499 621 582 sordidus,
644 509 677 565 et
698 496 755 588 ,qui
779 509 812 567 se
836 495 954 587 primus
979 497 1046 587 ipse
1076 499 1277 564 contemnit?

244 625 333 692 Man
358 624 424 690 vin
445 643 536 710 susm
559 634 701 712 potesne
724 625 857 693 eliorum
880 621 1082 691 contumeliis
1097 622 1279 709 aperitet:

246 743 329 810 male
339 753 456 808 terrore
465 742 626 810 venerreio
637 742 833 831 acquiritur:
848 743 1010 830 longique
1021 739 1177 808 vdentior
1192 759 1281 804 arnor

245 866 285 932 sd
299 865 509 932 obtinendum
522 865 607 952 quod
621 865 711 946 velis,
725 868 821 952 quim
836 864 941 931 timor.
984 863 1069 932 Nem
1090 863 1188 930 timor
1201 861 1280 942 abit,

243 985 434 1080 sirecedns3
456 993 566 1052 manet
589 1004 696 1054 arnor:
719 1003 757 1053 ec
778 985 836 1068 sic,
858 995 895 1052 nt
913 980 966 1052 iile
981 983 1015 1052 in
1029 985 1151 1066 odium,
1172 983 1282 1050 hicio
1358 1039 1359 1064 ,

241 1107 450 1174 reverentiam
465 1118 613 1176 vertetur.
655 1109 703 1176 Te
729 1111 803 1176 vero
826 1108 920 1178 etiem
944 1115 1039 1194 atque
1053 1107 1151 1174 etiem
1174 1109 1280 1196 (repe-

212 1255 214 1263 ’
242 1241 310 1298 tom
334 1227 433 1314 enim)
461 1228 645 1298 meminisse
668 1241 796 1320 oportet
817 1231 913 1298 officii
928 1231 976 1298 tui
996 1229 1137 1311 titulum,
1156 1249 1195 1294 sc
1221 1229 1279 1294 tibi
1358 1245 1359 1274 ὲ

239 1353 301 1440 ipsi
316 1325 527 1442 interpretari,
542 1357 635 1444 quale
648 1365 865 1446 quantumque
880 1355 922 1421 sit
936 1354 1078 1422 ordinare
1097 1364 1220 1420 statum
1233 1353 1275 1418 li·

238 1477 384 1544 berorum
400 1477 577 1546 ciuitatum.
614 1480 698 1546 Nem
714 1479 791 1568 quid
806 1479 1001 1546 ordinatione
1016 1477 1163 1543 ciuilius?
1187 1473 1274 1550 Quid

239 1599 384 1667 libertate
399 1599 569 1690 pretiosius
584 1603 597 1668 l
624 1603 720 1668 Porro
733 1605 831 1690 quium
847 1613 950 1690 turpe,
967 1601 994 1666 si
1008 1599 1170 1666 ordinatio
1184 1621 1274 1666 ever-

239 1724 342 1807 sione,
358 1724 484 1792 libertos
498 1725 650 1796 servitute
664 1729 826 1795 mutetur?
850 1725 996 1806 Accedit,
1016 1725 1103 1812 quod
1122 1723 1185 1790 tibi
1206 1745 1273 1788 cer·

239 1859 347 1918 temen
359 1857 542 1918 esttecum:
559 1861 669 1918 onerat
683 1860 715 1916 te
730 1861 899 1938 questurus
923 1861 987 1916 tue
1008 1849 1104 1929 leura,
1124 1867 1223 1935 qum
1236 1869 1274 1914 cx

237 1973 391 2062 Bithynii
411 1975 565 2065 optimam
587 1975 757 2044 revexisti:
780 1987 892 2044 onem
915 1973 1134 2042 testimonium
1152 1974 1272 2064 pr'mci·
1359 1943 1362 1960 1

58 2177 61 2186 ,
170 2133 176 2148 .
235 2095 307 2184 pis:
330 2109 441 2164 oneret
464 2099 656 2181 tribunatus,
670 2109 821 2188 pretore,
841 2110 936 2188 etque
959 2099 1029 2166 hec
1052 2096 1122 2186 ipss
1143 2099 1274 2185 lemfibr

235 2218 326 2304 qussi
351 2219 518 2308 premium
545 2221 631 2288 dats.
673 2223 749 2294 Quo
774 2223 876 2306 magle
892 2219 1059 2286 nitendum
1084 2229 1144 2302 est,
1171 2241 1213 2297 ue
1237 2220 1274 2286 in

235 2339 444 2428 longinquam
456 2339 662 2428 provinciam,
677 2346 774 2428 quim
788 2342 1019 2422 suburbonem3
1048 2361 1089 2405 ne
1104 2339 1187 2406 inter
1201 2361 1273 2406 ser·

236 2461 371 2543 vientes,
383 2466 480 2550 quim
495 2463 610 2532 liberos
619 2489 630 2546 3
658 2485 699 2530 ne
714 2475 809 2546 sorte,
824 2467 919 2550 quim
934 2460 1057 2550 judicio
1071 2461 1210 2544 missus;
1234 2484 1275 2530 ne

234 2587 321 2655 rudis
336 2598 368 2654 et
382 2589 577 2675 incognitus,
593 2593 689 2676 quim
705 2593 885 2676 exploratus
906 2591 1132 2678 probatusque,
1154 2588 1272 2656 huma·

237 2711 318 2792 nior,
333 2711 456 2794 melior,
472 2711 600 2798 peritior
614 2711 713 2792 fuisse
727 2713 882 2780 videaris:
907 2731 1007 2800 quum
1024 2713 1066 2778 sit
1086 2708 1216 2799 alioqui,
1239 2721 1275 2778 ut

237 2851 322 2918 slepe
336 2831 463 2912 audisti,
476 2854 561 2922 sepe
572 2831 691 2919 legisti,
704 2833 806 2902 multo
818 2833 988 2900 deformius
1002 2833 1160 2917 amittere,
1174 2837 1272 2920 quiem

236 2973 301 3020 non
317 2954 446 3040 adsequi
460 2955 597 3022 leudem.

280 3079 363 3146 Hoc
384 3079 479 3146 velim
502 3079 610 3146 credas
635 3079 734 3166 (quod
748 3079 841 3148 initio
855 3080 934 3161 diri)
961 3078 1133 3166 scripsisse·
1147 3101 1202 3147 me
1215 3079 1272 3142 ad·

235 3211 434 3282 mouentem,
457 3223 523 3268 non
545 3202 784 3288 precipientem
796 3225 807 3283 ;
830 3221 1010 3288 quenquam
1029 3199 1270 3286 precipientem

233 3343 372 3411 quoque.
394 3323 523 3412 Quippe
538 3345 603 3390 non
617 3344 737 3407 vereor,
753 3323 787 3390 in
801 3347 907 3390 amore
923 3345 963 3390 ne
979 3323 1110 3390 modum
1126 3344 1270 3388 excesse-

179 3529 181 3534 .
235 3441 309 3509 rim.
332 3447 446 3534 Neque
460 3447 546 3514 enim
561 3445 740 3534 periculum
755 3460 813 3529 est,
830 3471 870 3516 nc
885 3447 925 3514 sit
942 3423 1189 3531 nimiumsslquod
1201 3467 1267 3510 esse

237 3565 411 3636 maximum
426 3572 531 3638 debet.
567 3571 653 3636 Vale.
