2738 4502
246 256 310 323 ms
659 250 715 320 En
735 246 869 319 mum.

245 411 324 493 tani
347 427 483 493 confers.
514 412 616 498 'Quor
640 425 806 492 Romanos
825 402 924 490 duces
962 399 1137 506 nominem,
1159 413 1284 512 quibus

241 559 405 640 uunquam
422 549 552 616 aduersu
565 549 694 616 fortuna
707 549 829 638 pugni}
841 547 930 614 une
957 547 1091 634 Paginas
1103 549 1138 614 tn
1149 545 1282 614 antuli-

244 677 306 743 bus
329 673 584 762 magistratuum,
605 675 758 761 fastisque
784 678 964 762 percurrere
986 669 1073 752 iidet,
1097 673 1283 752 consutum,

243 797 510 886 dictatorumque,
533 819 671 885 qnorum
694 813 757 862 nee
770 797 907 878 rittutis,
924 817 982 861 nee
995 797 1134 860 fortun&
1145 795 1215 860 uiio
1230 793 1284 860 die

243 923 399 1010 populum
415 919 596 986 Romanum
610 921 777 1008 poenituit.
822 917 877 1000 Et,
896 941 959 1005 quo
974 917 1038 996 sint
1060 917 1283 1000 mirabilioies,

245 1044 342 1126 quim
367 1039 558 1122 Alexander,
586 1049 642 1104 ant
666 1039 835 1126 quisquam
856 1061 933 1119 rex3
961 1039 1060 1103 denos
1086 1037 1283 1124 vicenosque

244 1157 312 1229 dies
325 1161 454 1248 quidam
470 1163 778 1243 dietatrrram,'ncmo
790 1161 863 1248 pius
880 1165 977 1248 quiem
993 1179 1112 1226 annum
1129 1161 1284 1226 consula-

244 1293 313 1350 tum
330 1285 454 1370 gessit:
488 1289 529 1351 ab
552 1283 688 1352 tribunis
716 1285 817 1372 plebis
842 1283 984 1351 deiectius
1010 1261 1154 1371 impediti
1175 1297 1277 1349 sunt:

244 1419 317 1495 post
339 1417 467 1496 tempus
491 1411 530 1474 ad
556 1411 639 1474 belia
661 1407 786 1474 ierunt:
815 1419 890 1474 ante
912 1419 1051 1494 tempus,
1074 1405 1281 1474 comitiorum

244 1535 339 1597 causi
360 1535 497 1598 revocati
520 1541 615 1597 sunt:
639 1531 674 1598 in
695 1531 764 1618 ipso
787 1543 904 1596 conntu
920 1551 1022 1596 rerum
1039 1527 1234 1615 circumegit
1249 1551 1281 1592 se

244 1669 366 1722 annus:
391 1659 523 1742 eoiiegae
550 1677 638 1721 nunc
667 1655 838 1736 temeritas,
860 1677 947 1718 nune
970 1653 1118 1740 pravitas,
1144 1653 1280 1739 impedi·

243 1791 353 1844 mento
368 1789 424 1844 aut
439 1779 554 1843 damno
574 1779 654 1842 fuit:
678 1779 759 1843 maie
776 1777 873 1861 gestis
898 1779 991 1842 rebus
1004 1775 1135 1842 atterius
1150 1792 1281 1844 sucees-

241 1923 313 1966 sum
330 1909 400 1965 est:
425 1901 573 1981 tironem,
590 1909 646 1965 ant
659 1901 743 1966 malt
755 1895 921 1988 discipline
945 1899 1129 1966 institutum
1153 1897 1286 1982 exerui!

246 2031 316 2088 tum
342 2033 543 2108 aeceperunt.
603 2025 658 2103 m,
687 2023 827 2104 hercule,
854 2037 954 2108 reges
976 2043 1040 2087 non
1061 2018 1154 2088 liberi
1175 2025 1278 2088 sotum

241 2145 478 2233 impedimentis
495 2144 659 2228 omnrirns,
677 2145 733 2212 scd
752 2145 872 2212 domini
890 2169 995 2212 rerum
1018 2155 1278 2234 temporumque,

241 2267 372 2336 trahunt
399 2269 540 2335 consiliis
564 2275 690 2349 cuneta,
718 2291 782 2333 non
799 2277 986 2357 sequuntur.
1030 2265 1175 2336 Invictus
1194 2271 1273 2355 ergo

241 2389 423 2458 Alexander
438 2411 509 2458 eum
525 2389 651 2456 inuictis
666 2389 801 2456 ducibus
817 2391 902 2456 belia
925 2391 1084 2477 gessisset,
1112 2398 1144 2456 et
1165 2389 1277 2456 eadem

244 2515 528 2603 iortunrepignora
542 2515 574 2580 in
586 2513 754 2580 discrimen
765 2513 941 2580 detulisset.
965 2513 1034 2579 imo
1047 2513 1142 2579 etiarn
1156 2535 1195 2578 eo
1206 2517 1280 2601 ptus

242 2641 376 2728 periculi
392 2641 543 2722 subisset,
559 2639 644 2727 quud
658 2637 852 2706 Macedones
868 2659 968 2704 unum
985 2638 1201 2705 Alexandrum
1214 2639 1276 2703 ha-

242 2764 408 2846 buissent3
432 2765 540 2830 multis
557 2763 680 2829 casibus
697 2783 762 2829 non
779 2743 881 2828 solum
898 2762 1085 2841 obnoxium,
1101 2761 1155 2826 sed
1171 2757 1271 2826 etiam

238 2887 425 2951 offerentem
436 2907 487 2950 se:
511 2885 664 2949 Romanis
676 2885 770 2950 multi
780 2886 915 2949 fuissent
930 2883 1122 2965 Alexandro,
1135 2885 1186 2947 ret
1197 2881 1272 2968 gio·

241 3007 300 3087 ru,
322 3009 373 3072 rel
395 3029 499 3072 rerum
514 3005 744 3092 magnitudine,
763 3029 873 3094 pares3
897 3029 1034 3095 quorum
1056 3025 1117 3072 suo
1135 3005 1273 3094 quisquc

242 3133 323 3214 fato,
338 3129 407 3196 siue
422 3131 553 3218 publico
568 3131 760 3212 discrimine,
774 3131 892 3198 vireret
908 3139 1155 3222 merereturque.

284 3253 410 3334 Restat,
432 3263 469 3320 ut
490 3253 590 3342 copies
614 3239 714 3342 copiis
735 3267 969 3341 comparentur,
988 3257 1036 3320 ret
1060 3273 1203 3335 numero,
1223 3255 1277 3320 rei

240 3375 379 3443 militum
395 3399 524 3463 genere,
539 3377 588 3442 vel
603 3375 808 3445 multitudine
834 3376 1035 3444 auxiliorum.
1075 3377 1277 3443 censebant-

239 3521 277 3565 ur
293 3495 360 3586 eJus
377 3501 479 3567 estatis
495 3499 603 3566 lustris
619 3501 742 3566 ducena
756 3501 979 3588 quinquagena
996 3499 1096 3566 miliia
1117 3499 1274 3588 cupitum.

240 3623 352 3710 ltaque
368 3623 400 3689 in
416 3625 504 3690 omni
519 3625 699 3690 desectione
714 3625 872 3691 sociorum
887 3625 994 3692 bertini
1010 3625 1161 3708 neminie,
1178 3627 1276 3692 urbe-

241 3767 283 3811 no
299 3746 396 3832 prope
413 3744 539 3813 delectu
555 3749 665 3814 decem
681 3747 902 3814 scribebantur
916 3749 1073 3836 legiones.
1117 3749 1274 3820 Quatemi

238 3863 388 3954 quinique
420 3865 574 3932 exercitus
606 3889 692 3956 saepe
722 3891 778 3956 per
807 3891 862 3934 eos
891 3890 992 3938 annos
1014 3869 1047 3936 in
1070 3868 1214 3952 utnon,
1240 3865 1274 3934 in
