2750 4510
491 265 547 334 Es
567 265 702 335 muln.
1053 268 1108 336 lei

81 435 276 524 impedirent
286 437 419 521 tribuni,
430 438 590 508 dictatoris
600 442 724 508 obstitit
734 451 852 510 melus.
872 439 1018 508 Volscius
1027 443 1116 510 ‹inm-
1151 513 1155 520 ,

83 572 181 630 uatus
195 561 377 628 Lanuvium
392 563 428 630 in
442 565 590 630 exsilium
603 565 691 680 abiit.
735 565 888 636 Quintius
905 565 1117 632 sextodecimo

13 751 35 784 ὁ
82 685 138 752 die
150 685 319 768 dietetml,
332 685 368 754 iu
382 709 438 756 sex
452 708 581 756 menses
594 693 737 777 aeeeptl,
752 711 786 756 se
801 687 981 768 abdicavit.

412 1035 762 1078 ψ...

237 1343 411 1411 Deoemuiai
424 1345 528 1410 create.
570 1343 645 1410 Lib.
667 1339 728 1410 Ill.
776 1345 868 1412 U.C.
891 1351 966 1414 303.

83 1520 251 1641 ΑΝΝΟ
274 1555 497 1622 trecentesimo
511 1555 621 1636 altero,
643 1557 738 1641 quim
760 1553 887 1620 condita
911 1557 1013 1622 Roma
1037 1571 1115 1640 erat;

78 1689 201 1754 iterum
216 1697 357 1752 mutatur
376 1689 479 1751 forma
493 1683 629 1750 civitatis
643 1710 654 1766 ;
677 1687 717 1752 ab
732 1685 917 1751 consulibus
933 1685 972 1750 ad
986 1686 1111 1752 decem-

78 1809 180 1892 viros,
203 1809 470 1896 quemadmodum
493 1813 533 1876 ab
561 1809 689 1896 regibus
710 1813 783 1876 ante
798 1811 837 1876 ad
853 1812 999 1876 eonsules
1014 1832 1111 1876 vene·

79 1947 143 2017 rat,
158 1938 311 2002 translato
325 1935 469 2023 imperio.
508 1936 619 2002 Minus
635 1933 781 2022 insignis,
795 1935 870 2022 quia
886 1958 950 2002 non
966 1935 1114 2004 diuturna

80 2057 220 2125 mutatio
235 2057 296 2124 luit
306 2081 318 2139 ς
341 2059 414 2124 laeta
433 2057 518 2124 euim
534 2057 688 2144 principia
703 2057 904 2144 magistratus
928 2051 996 2146 ejus
1017 2057 1116 2124 nimis.
1213 2081 1220 2090 ·

82 2177 295 2246 luxuriavere.
339 2177 389 2244 Eo
404 2177 498 2244 eitius
514 2181 600 2266 lapsa
614 2199 663 2244 res
679 2187 747 2244 est:
770 2157 1015 2264 repetitumque,
1031 2175 1113 2242 duo·

82 2305 145 2368 bus
160 2303 209 2365 uti
225 2301 426 2368 mandaretur
446 2301 616 2368 consulum
632 2321 750 2366 nomen
765 2299 1005 2388 imperiumque.
1041 2299 1112 2366 De·

83 2425 213 2506 eemviri
227 2425 334 2504 creati,
356 2427 419 2512 Ap.
442 2427 605 2510 ClaudiuS,
618 2425 659 2492 Τ.
676 2425 854 2507 Genucius,
869 2425 907 2492 P.
921 2425 1056 2507 Sestius,
1071 2425 1110 2492 1..

84 2548 246 2629 Veturius,
262 2547 300 2624 C.
315 2547 434 2630 Julius,
452 2551 492 2614 A.
507 2547 669 2636 ilianlius,
676 2547 745 2615 Ser.
761 2547 932 2634 Sulpicius,
951 2547 984 2612 Ρ.
1001 2547 1111 2612 Curia·

84 2671 160 2754 tius,
175 2673 215 2740 T.
233 2671 402 2754 Romilius,
418 2673 473 2759 Sp.
490 2671 683 2738 Postumius.
735 2671 870 2737 Claudio
890 2681 923 2735 et
952 2667 1130 2752 Genucio„

83 2787 160 2886 quia
174 2795 329 2881 designati
345 2797 492 2862 consules
508 2796 540 2860 in
557 2817 629 2860 eum
646 2815 766 2860 nnnum
781 2795 918 2873 fuerant,
933 2813 990 2878 pro
1008 2789 1111 2856 liono-

82 2941 117 2988 τε
132 2921 237 2986 honor
251 2917 412 2986 redditus:
436 2930 469 2985 et
483 2917 599 2999 Sestio,
614 2916 702 2983 alteri
717 2885 885 2982 consulum
899 2913 1010 3003 prioris
1026 2915 1112 2996 anui,

81 3043 169 3132 quod
193 3065 263 3108 eam
286 3063 353 3108 rem
379 3045 502 3130 collegi
525 3039 624 3108 invito
648 3039 688 3107 ad
714 3037 823 3106 Patres
845 3041 1006 3106 retulerat.
1050 3037 1113 3107 Hi's

79 3165 219 3258 proximi
233 3167 329 3254 legati
344 3177 407 3232 tres
421 3165 534 3246 habiti,
555 3165 609 3251 qui
621 3163 764 3232 Athenas
777 3163 889 3245 ierant,
899 3163 994 3230 simul
1008 3171 1045 3228 ut
1056 3183 1114 3248 pro

78 3291 241 3378 legatione
256 3299 322 3356 tam
336 3289 512 3375 longinqui
522 3287 654 3375 premio
668 3297 751 3352 esset
765 3287 888 3352 honos:
911 3285 1006 3351 simul
1026 3284 1107 3371 peri·

79 3425 128 3482 tos
143 3417 254 3502 legum
268 3412 504 3501 peregrinarum
523 3411 562 3476 ad
582 3409 746 3477 condenda
759 3431 841 3474 nova
859 3407 933 3500 jura
949 3405 1028 3472 ‘usui
1042 3409 1111 3473 fore

80 3538 263 3607 eredebant.
308 3537 501 3626 supplevere
516 3533 622 3602 ceteri
641 3555 820 3600 numerum.
844 3533 962 3598 Graves
987 3511 1114 3618 quoque

80 3671 176 3730 state
192 3667 310 3728 eleetos
326 3659 507 3726 novissimis
522 3657 679 3743 suffragiis
693 3659 813 3738 ierunt,
828 3657 892 3744 quo
905 3655 1011 3721 minus
1027 3657 1113 3721 fero·

80 3785 160 3856 eiler
180 3785 317 3851 aliorum
338 3784 426 3850 scitis
446 3782 692 3850 adversarentm.
737 3779 896 3866 Regimen
920 3779 1020 3844 totius
1043 3801 1113 3844 ma-

79 3909 232 3998 gistratus
246 3927 344 3996 penes
360 3905 501 3994 Appium
515 3915 594 3987 erat,
607 3905 712 3994 levore
726 3903 842 3991 plebis.
879 3901 1030 3990 Adeoque
1053 3923 1112 3968 uo·
