2738 4502
522 295 577 360 En
599 287 731 360 lel0.
1077 301 1140 360 219

140 465 287 554 Tempus
305 463 378 531 inde
394 476 550 532 statutum
566 465 724 531 tradendis
739 463 915 544 obsidibus,
932 463 1134 554 exercituque

94 579 213 651 inermi
228 583 398 650 mittendo.
443 584 683 670 Redintegravit
695 586 817 648 luctum
833 581 866 646 in
882 585 991 648 castris
1012 607 1132 650 consu·

99 709 170 772 lum
186 707 352 786 adventus,
367 717 404 771 ut
420 707 474 770 vix
493 707 532 772 ab
548 705 587 770 iis
599 706 794 770 abstinerent
806 725 929 786 manus,
940 727 1074 792 quorum
1088 717 1136 771 te-

94 829 245 896 meritate
265 829 298 893 in
324 851 397 894 enm
414 831 521 893 locum
541 827 669 894 deducti
691 839 817 908 essent3
848 849 985 914 quorum
1008 829 1133 914 ignavia

91 953 215 1018 toedius
227 951 314 1032 inde,
326 955 422 1038 qnam
436 951 609 1033 venissent,
624 951 750 1018 abituri.
785 951 854 1016 lllis
871 971 935 1017 non
950 951 1064 1018 ducem
1079 953 1129 1016 lo-

102 1093 228 1154 corum,
242 1093 307 1137 non
323 1075 553 1159 exploratorem
568 1071 687 1140 luisse:
710 1075 888 1140 belluarum
914 1073 1010 1138 modo
1034 1093 1137 1139 caecos

100 1195 284 1264 inteream
307 1195 433 1262 missos.
478 1179 544 1264 iulii
567 1198 645 1264 alios
667 1197 798 1278 intueri,
825 1199 1032 1285 contemplari
1048 1221 1134 1266 arma

92 1341 174 1386 mox
204 1320 366 1402 tradenda,
394 1331 427 1386 et
454 1321 591 1388 inermes
614 1325 736 1386 futuras
763 1323 902 1402 dextras,
925 1322 1126 1408 obnoxiaque

98 1463 235 1531 corpora
248 1443 345 1510 hosti.
389 1443 569 1530 Proponere
586 1443 774 1530 sibimetipsi
789 1456 862 1510 ante
884 1448 993 1511 oculos
1011 1445 1130 1533 jugum

97 1567 231 1648 hostile,
244 1578 276 1632 et
287 1567 423 1632 ludibria
438 1567 578 1648 uictoris,
599 1578 633 1632 et
646 1570 753 1632 vultus
769 1569 935 1654 superbos,
954 1579 987 1632 et
1004 1591 1061 1653 per
1080 1591 1129 1634 ar·

97 1701 202 1756 matos
217 1689 387 1758 inermium
403 1691 482 1756 iter:
506 1689 580 1756 inde
595 1689 675 1756 foedi
697 1691 833 1776 agminis
850 1691 1062 1758 miserabilem
1081 1691 1131 1754 vi·

99 1835 163 1895 am,
187 1835 245 1901 per
257 1815 417 1880 sociorum
433 1817 527 1880 urbes
543 1814 680 1880 reditum
695 1815 729 1880 in
746 1814 891 1901 patriam,
917 1835 953 1880 ac
974 1823 1132 1901 parentes,

103 1903 175 2023 qub'
191 1959 276 2025 saepe
291 1937 352 2024 ipsi
367 1936 563 2024 majoresque
577 1959 686 2004 eorum
704 1937 935 2024 triumphantes
961 1937 1133 2004 venissent.

102 2062 146 2126 Se
160 2061 245 2126 solos
258 2059 327 2126 sine
342 2062 484 2143 vulnere,
497 2061 565 2126 sine
579 2063 673 2144 terro,
684 2061 752 2128 sine
763 2063 830 2126 acie
846 2062 968 2128 victos:
992 2061 1053 2128 sibi
1066 2085 1133 2130 nou

96 2187 254 2274 stringere
269 2185 395 2252 licuisse
407 2187 541 2273 gladios,
552 2211 617 2254 non
631 2209 762 2256 manum
772 2211 845 2255 cum
858 2191 949 2256 hoste
962 2193 1126 2258 conferres

92 2311 154 2378 sibi
181 2309 395 2398 nequicquam
417 2333 513 2393 arms,
541 2313 754 2400 nequicquam
789 2315 882 2397 vires,
914 2315 1127 2402 nequicquam
1225 2348 1227 2357 ⁴

97 2433 221 2498 animos
236 2431 339 2498 datos.
384 2431 468 2500 Haec
481 2433 693 2500 frementibus
711 2435 790 2500 hora
813 2435 917 2502 taulis
940 2437 1129 2521 ignominia

100 2557 228 2622 advenit
235 2579 247 2636 3
270 2557 378 2622 omnia
400 2557 539 2622 tristiora
557 2557 752 2644 experiundo
778 2561 911 2640 lactura,
934 2563 1030 2644 qubm
1056 2581 1130 2645 quae

98 2691 318 2768 preceperant
333 2679 458 2746 animis.
479 2677 554 2744 Jam
569 2679 707 2766 primum
723 2699 796 2744 cnm
814 2679 947 2763 singulis
960 2679 1131 2746 vestimen-

93 2803 138 2870 tis
153 2803 289 2868 ioermes
305 2813 393 2868 extra
409 2803 526 2868 vallum
542 2802 626 2866 exire
639 2799 744 2886 jussi:
771 2811 803 2866 ct
823 2801 919 2887 primi
943 2802 1048 2868 traditi
1063 2807 1123 2870 ob·

98 2925 195 3008 sides,
218 2935 313 3012 atque
337 2925 370 2990 in
398 2923 575 2990 custodiam
600 2925 740 2990 abducti.
784 2925 870 2992 Tum
898 2931 916 2992 b
944 2929 1130 2996 consulibus

94 3061 183 3130 abire
198 3059 325 3127 lictores
337 3059 431 3148 jussi,
444 3059 732 3148 paludamentaque
743 3061 893 3142 detracta,
909 3073 1030 3128 tantam
1046 3063 1130 3129 inter

99 3187 201 3273 ipsos,
210 3185 265 3270 qni
276 3187 385 3272 paullo
397 3189 469 3250 ante
482 3205 536 3250 eos
548 3191 743 3265 execrantes,
759 3183 917 3250 dedendos
932 3187 1132 3252 lacerandos·
1172 3223 1182 3250 a

95 3333 159 3400 qne
184 3319 387 3390 censuerant,
410 3308 644 3376 miserationem
662 3311 817 3390 lecerunt,
843 3323 879 3376 ut
905 3333 972 3376 suae
993 3312 1128 3397 quisque

91 3431 287 3500 conditionis
303 3431 433 3510 oblitus,
454 3434 495 3496 ab
512 3431 566 3495 illd
579 3431 809 3497 deformatione
825 3443 924 3498 tantae
939 3432 1123 3520 majestatis,

99 3557 191 3620 velut
206 3555 245 3620 ab
261 3553 399 3618 nefando
414 3553 607 3638 spectaculo,
623 3564 775 3620 averteret
789 3527 909 3620 oculos.

138 3675 238 3742 Primi
258 3677 405 3742 consules
419 3682 518 3762 prope
534 3675 691 3740 seminudi
711 3677 771 3740 sub
789 3673 906 3762 jugum
923 3677 1030 3744 missi:
1055 3691 1126 3747 tum

93 3809 134 3865 ut
151 3799 285 3885 quisque
299 3795 398 3884 gradu
413 3796 576 3884 proximus
592 3807 670 3876 erat,
694 3799 739 3862 ita
761 3797 946 3884 ignominie
961 3799 1126 3886 objectus:

94 3943 168 4002 turn
194 3929 344 4017 deinceps
368 3929 503 4018 singulm
534 3929 687 4016 legiones.
733 3929 990 3999 circumstabant
1016 3935 1127 4000 armati

581 4055 609 4122 F
622 4057 670 4121 lt
