2804 4524
232 275 275 336 aa

432 679 492 756 Ex
521 681 603 756 Lib.
623 683 667 754 V.
695 680 875 760 Tuscus.
904 685 1073 762 Quasr.

235 848 382 1006 QUIS,
397 929 462 974 noa
477 917 696 994 paupertatem
708 907 913 975 extimescit?
939 931 1042 995 neque
1058 917 1165 972 manea
1182 906 1284 994 quis-

233 1034 626 1128 quam,philosophorum«
658 1035 705 1102 ili
720 1037 794 1102 verh
809 1035 870 1122 ipsi
885 1037 981 1122 quarn
996 1055 1092 1120 parvo
1107 1044 1183 1100 sunt
1194 1035 1284 1102 aaa·

234 1157 344 1224 tenti?
369 1157 501 1226 Etenim
521 1181 594 1246 quae
618 1181 668 1224 res
682 1157 829 1246 pecuniae
843 1156 1055 1244 'cupiditatem
1069 1157 1217 1236 afferunt,
1241 1166 1285 1223 ut

234 1279 346 1362 mori,
362 1289 399 1348 ut
420 1282 599 1364 ambitioni,
621 1291 658 1348 ut
673 1281 867 1369 quotidianis
883 1281 1182 1366 sumptibusuoplse
1196 1293 1281 1365 dap-

232 1411 346 1492 petant
356 1427 367 1488 3
389 1409 465 1473 char
477 1408 589 1490 procul
603 1407 644 1470 ub
660 1407 696 1472 lis
713 1405 862 1470 omnihus
878 1405 976 1470 rebus
997 1401 1116 1480 absint,
1141 1423 1197 1466 eur
1218 1421 1282 1486 pa-

235 1529 363 1596 eaniam
379 1551 569 1614 magnopere
583 1529 772 1608 desiderent,
788 1529 837 1591 vel
853 1535 967 1592 cureat
981 1525 1137 1590 omuino?

278 1651 332 1716 Aa
347 1650 482 1746 Scythes
497 1650 689 1716 Anacharsis
709 1649 816 1734 potuit
836 1671 894 1734 pro
914 1645 1016 1712 nihilo
1035 1646 1204 1742 paeonium
1218 1645 1285 1712 du-

235 1789 326 1850 cere;
350 1781 506 1838 nostrates
530 1768 718 1854 Philosophi
741 1791 804 1836 non
821 1771 1000 1860 poterunt?
1025 1767 1119 1835 illius
1146 1765 1285 1854 epismtu

237 1893 338 1958 lemur
352 1891 402 1956 his
421 1891 547 1956 verbis:
570 1891 797 1962 “Anacharsis
820 1889 976 1956 Hannoni
998 1891 1147 1957 salutem.
1191 1887 1280 1954 Mihi

237 2013 260 2051 ‘⁴
274 2009 409 2076 amictus
431 2021 482 2076 est
502 2011 691 2098 Scythicum
721 2023 870 2098 tegmen:
903 2011 1167 2092 calceamentum,
1190 2009 1281 2074 sola-

235 2133 261 2170 “
275 2132 493 2198 rumcallumz
516 2132 633 2215 cubile,
646 2127 749 2198 terra:
773 2131 1161 2220 pulpamentumfames:
1184 2133 1279 2216 lacte,

236 2228 259 2344 'f‘
273 2275 375 2338 caseo,
391 2277 485 2322 earne
507 2261 631 2326 vescon
672 2257 778 2326 Quare
795 2266 829 2320 ut
845 2255 884 2320 ud
899 2255 1045 2342 quietum
1059 2275 1111 2320 me
1126 2253 1201 2320 lieet
1215 2273 1273 2326 ve,-

235 2379 259 2418 “
275 2377 353 2444 nias.
396 2375 535 2444 Munera
548 2388 655 2444 autem
671 2375 740 2458 ista,
759 2379 876 2464 quibus
892 2399 925 2446 es
940 2377 1129 2458 delectatus,
1154 2379 1203 2442 vel
1230 2375 1279 2442 ei·

237 2497 264 2534 “
278 2493 371 2578 vibus
393 2495 470 2578 tuis,
493 2497 542 2560 vel
563 2494 636 2562 Diis
652 2495 885 2562 immortalibus
901 2495 1023 2560 dona.''
1070 2495 1192 2560 Omnes
1212 2495 1293 2574 lere¹

158 2651 166 2662 ·
235 2619 422 2711 Philosophi
445 2619 590 2684 omnium
612 2618 863 2706 disciplinarum,
887 2617 948 2683 uisi
971 2640 1051 2704 quos
1074 2619 1092 2682 ir
1120 2623 1208 2684 reeta
1229 2639 1281 2684 ra·

237 2743 324 2812 tione
340 2755 451 2810 natura
466 2743 579 2810 vitiosa
593 2741 786 2824 detorsisset,
809 2743 870 2806 hoc
886 2741 998 2806 eodem
1011 2739 1117 2806 aniano
1134 2765 1203 2808 esse
1217 2763 1281 2832 po·

238 2873 380 2959 luerunt.
405 2901 515 2950 rx„
1048 2935 1052 2949 ,

281 2987 440 3068 Socrates,
448 2987 482 3052 ia
493 2990 610 3075 pompa
622 2989 696 3052 chm
711 3007 826 3072 magna
842 2985 887 3049 vis
899 2982 967 3048 auri
983 2975 1170 3070 argentique
1184 2987 1281 3060 ferre·

238 3116 304 3194 tur,
318 3109 425 3180 Quam
444 3111 545 3174 multa
559 3129 624 3173 non
646 3107 810 3172 desidero!
841 3105 958 3190 iuquit.
982 3104 1192 3186 Xenocrates,
1207 3110 1280 3172 ciam

231 3201 337 3316 ¹legati
345 3231 384 3294 ab
391 3228 571 3293 Alexandro
579 3227 811 3316 quinquaginta
822 3226 850 3291 ei
864 3231 983 3292 talenta
992 3231 1186 3312 attulissent,
1198 3235 1281 3317 (que

155 3415 156 3418 ,
240 3361 307 3418 erat
318 3330 454 3440 pecunia
465 3350 662 3436 temporibus
673 3349 749 3432 illis,
761 3349 898 3414 Athenis
910 3350 1100 3436 praesertim,
1108 3349 1278 3434 maximae)

241 3473 373 3542 adduxit
394 3475 515 3560 legatos
538 3471 577 3536 ad
601 3495 728 3538 coenam
754 3472 788 3536 in
816 3472 1043 3540 Academiam:
1069 3473 1107 3539 iis
1133 3475 1282 3562 apposuit

241 3599 377 3680 antam,
399 3595 485 3686 quod
502 3595 577 3662 satis
600 3605 698 3677 esset,
720 3597 810 3677 nullo
824 3583 987 3683 appa'ratu.
1033 3597 1114 3664 Cam
1132 3595 1282 3684 postridie

239 3731 387 3810 rogarent
400 3745 487 3806 eum,
502 3725 553 3791 eui
571 3725 727 3814 numerari
737 3724 865 3820 juberet
880 3751 891 3808 3
914 3725 1025 3798 Quid?
1051 3751 1108 3792 vos
1124 3701 1284 3810 hesterna,

234 3849 356 3942 inquit,
380 3855 504 3922 cenula
523 3877 588 3922 noa
608 3853 820 3938 intellexistis,
841 3879 891 3924 are
916 3855 1052 3944 pecunia
1073 3877 1139 3924 uon
1161 3859 1278 3943 egeret
