2756 4484
474 197 528 262 Ec
549 195 710 269 rutulo.

277 498 532 563 Anuounusuu
554 492 666 560 Emer.
680 490 755 558 Vll.
777 489 851 558 Lib.
866 439 924 556 Vl.
955 527 962 540 ·

87 683 261 771 Respondet
288 686 386 766 uxori,
405 687 438 749 in
461 685 630 768 Compouid
650 683 856 761 commoranti,
876 702 909 745 se
924 703 983 745 non
1003 679 1111 742 tniuori

235 809 381 873 desiderio
392 829 451 891 pro
464 807 519 871 illd
534 807 638 887 teneti,
651 809 742 891 qudm
755 805 841 870 illam
850 827 908 888 pro
922 825 965 868 se.

265 1001 303 1068 C.
325 998 504 1071 PLINIUS
525 997 793 1068 CALPURNIAE
815 999 894 1066 Sum
908 998 942 1065 S.

87 1129 292 1262 SCRIBIS,
302 1191 333 1246 te
348 1179 488 1247 absentia
502 1185 572 1245 med
584 1203 648 1246 non
663 1181 862 1246 mediocriter
875 1177 977 1260 adfici,
988 1199 1106 1245 unum·
1178 1173 1181 1193 '

82 1315 144 1381 qne
166 1293 281 1358 habere
305 1292 462 1372 solatium,
480 1291 564 1377 quod
586 1313 643 1378 pro
669 1313 720 1356 me
739 1291 862 1356 libellos
878 1313 964 1355 meos
988 1301 1109 1368 teneas,

85 1427 168 1502 s'aepe
194 1411 288 1478 etlam
311 1413 344 1478 ln
367 1413 499 1498 vestigio
522 1435 593 1476 mco
615 1414 762 1478 colloces.
807 1413 941 1480 Gratum
956 1423 1003 1477 est
1023 1417 1108 1498 quod

85 1557 144 1602 nos
167 1533 309 1620 requiris,
330 1533 422 1619 qudd'
436 1531 486 1598 lrls
512 1532 660 1598 tementis
681 1532 873 1618 adquiescis:
900 1514 1034 1620 invicem
1050 1555 1110 1616 ego

85 1659 233 1745 epistolas
250 1667 320 1724 tuas
336 1657 458 1738 lectito,
476 1667 570 1744 atque
585 1655 755 1722 identidem
770 1655 803 1720 in
817 1677 927 1720 manus
943 1655 1031 1741 quasi
1050 1679 1108 1718 no-

86 1801 139 1844 ras
154 1799 266 1857 sumo;
290 1777 345 1842 sed
360 1799 398 1841 eo
410 1765 510 1861 medis
524 1777 563 1841 nd
576 1777 764 1842 desiderium
777 1775 824 1844 tui
838 1777 1002 1842 accendor.
1024 1767 1109 1838 Nam

85 1899 176 1987 cujus
199 1900 298 1966 literae
314 1911 438 1964 tanturn
459 1899 580 1964 habent
600 1899 771 1981 suavitatis,
796 1897 891 1986 hujus
913 1897 1110 1964 sermonibus

84 2032 238 2110 quantum
253 2021 429 2086 dulcedinis
443 2020 551 2086 inest?
573 2019 626 2087 'l’u
646 2031 751 2086 tamen
766 2019 1016 2107 frequentissime
1033 2017 1111 2084 scri·

85 2149 138 2226 be,
153 2143 226 2211 licet
242 2145 302 2211 hoc
316 2143 360 2210 ita
371 2165 422 2210 me
437 2135 582 2228 delectet,
596 2155 632 2212 ut
647 2153 802 2233 torquent.
845 2143 935 2209 Vale.

524 2404 681 2422 -ἡ-

255 2521 509 2584 Aaouunnruu
533 2517 775 2585 Errsn.XV11.
798 2521 872 2587 Lin.
887 2520 943 2584 Vl.
993 2553 999 2564 ·

88 2681 283 2771 Indignatur,
292 2683 450 2770 quosdam,
463 2681 595 2744 eruditos
608 2680 668 2744 aidi
677 2680 769 2760 eicos,
784 2679 923 2744 redienti
936 2679 1031 2744 amico
1047 2679 1112 2742 urd—

372 2803 434 2868 lum
447 2803 569 2889 Quum
584 2802 699 2866 loetitiae
712 2787 841 2867 deduce.

272 2994 311 3058 C.
334 2991 512 3058 PLINIUS
536 2987 787 3055 RESTITUTO
810 2989 881 3054 Suo
897 2989 933 3054 S.
1057 3073 1065 3085 .

92 3122 593 3254 lNfflGNnTlUNcunAM,
615 3195 710 3263 quam
725 3173 759 3238 in
775 3170 938 3258 cujttsdam
953 3171 1046 3236 amici
1060 3193 1117 3236 au·

90 3287 204 3354 (litorio
223 3287 303 3373 cepi,
319 3307 384 3352 non
399 3307 533 3370 possum
544 3285 621 3354 nihi
639 3296 825 3370 temperare,
839 3305 903 3368 qno
917 3282 1024 3352 minus
1039 3283 1122 3368 apud

90 3423 134 3491 te,
150 3410 223 3495 quia
239 3431 302 3484 non
318 3409 453 3493 contigit
467 3412 583 3488 corum,
598 3431 654 3494 per
668 3409 833 3496 epistolam
849 3407 1021 3476 effundam.
1052 3405 1117 3472 Re-

89 3533 245 3598 citabatur
259 3531 339 3598 liber
352 3530 603 3601 absolutissimus
617 3557 626 3597 e
650 3531 739 3598 hunc
753 3529 818 3600 duo
832 3539 886 3596 aut
901 3542 976 3609 tres,
998 3543 1036 3596 ut
1058 3530 1117 3594 sibi

89 3667 121 3717 et
140 3651 248 3738 paucis
263 3652 420 3732 videntur,
441 3651 561 3733 diserti,
583 3651 685 3718 surdis
700 3651 860 3737 mutisque
877 3651 995 3714 similes
1011 3653 1119 3716 audic-

71 3865 74 3875 .
90 3779 180 3846 bant.
224 3775 300 3840 Non
316 3774 405 3850 labra
421 3773 624 3872 diduuerunt,
641 3796 706 3842 non
722 3785 889 3838 moverunt
904 3793 1043 3852 niarium,
1062 3796 1123 3837 uon
