2724 4494
447 221 728 299 PATERCUer.
1054 235 1119 292 sus

54 419 136 466 noo
151 349 335 506 &esuriret
350 395 545 468 vinetorum
561 399 659 466 ermis
669 419 707 466 sc
720 397 822 466 (loun
843 395 1011 488 patrissui
1032 419 1117 466 more

50 521 225 586 'infestare
239 516 380 606 piraticis
394 517 579 590 sceleribus.

444 807 496 876 M.
517 803 747 875 AGRIPPA.

121 985 293 1050 Crescente
309 981 343 1047 in
357 935 468 1048 dieser
484 983 584 1050 classe
598 995 632 1049 et
646 985 731 1050 lame
747 981 905 1072 Pompeii,
918 983 1026 1052 Cesset
1042 1005 1113 1050 mo-

61 1111 138 1174 lem
152 1109 232 1174 belli
246 1103 315 1194 ejus
329 1108 488 1194 suscipere
503 1109 627 1174 statuit.
650 1107 858 1176 AEdillcandis
874 1109 1019 1194 ossibus,
1031 1133 1110 1178 con-

55 1231 286 1318 trahendoque
312 1229 406 1296 militi
431 1249 469 1296 ec
491 1231 616 1317 remigi,
637 1233 866 1320 navalibusque
891 1233 1109 1304 assuescendo

72 1354 305 1422 certaminibus
341 1365 437 1440 etque
465 1353 757 1438 exercitationibus,
791 1359 962 1444 praefectus
989 1371 1039 1426 est
1064 1359 1114 1426 M.

70 1479 233 1566 Agrippa,
255 1474 383 1544 virtutis
398 1475 620 1560 nobilissime,
642 1479 760 1560 labore,
775 1479 893 1564 vigilie,
907 1481 1050 1568 periculo
1064 1483 1116 1550 in-

67 1603 191 1682 victus,
203 1601 409 1690 parendique,
424 1601 480 1668 scd
495 1601 565 1682 uni,
579 1600 821 1682 scientissimus,
836 1604 905 1670 aliis
919 1609 994 1670 sone
1010 1604 1114 1692 impe·

71 1725 169 1792 modi
181 1724 368 1812 cupidus,et
380 1747 437 1812 per
447 1724 556 1790 omnia
565 1723 826 1792 extradilationes
838 1725 974 1814 positus,
983 1735 1114 1796 consul·

68 1847 183 1934 tisque
206 1849 291 1914 facta
314 1845 524 1936 conjungens.
571 1845 648 1928 Hic,
672 1847 706 1912 in
722 1849 848 1912 Averno
862 1867 898 1914 ac
913 1847 1053 1918 Lucrino
1067 1851 1114 1916 la·

66 1990 116 2034 cu
130 1965 362 2054 speciosissime
377 1969 477 2032 classe
488 1965 654 2046 fabricate,
669 1965 864 2054 quotidianis
876 1969 1111 2036 exercitationi-

66 2087 137 2158 bus
149 2089 285 2158 militem
299 2090 516 2178 remigemque
531 2089 572 2156 rd
585 2111 746 2158 summam
761 2103 794 2159 et
809 2091 953 2160 militaris
967 2104 1000 2162 et
1015 2095 1111 2166 muri-

76 2213 171 2282 time
185 2213 231 2280 rei
244 2211 393 2302 perduxit
408 2197 600 2284 scientiore.
701 2223 705 2233 “

471 2449 735 2542 sectoris,

128 2647 305 2729 Aeciverat,
319 2667 434 2732 gerens
453 2655 565 2714 contra
583 2643 775 2734 Pompeium
791 2647 927 2731 bellum,
946 2671 986 2716 ex
1007 2651 1114 2718 Altics

79 2771 191 2837 Cossa·
213 2769 371 2858 lepidum
396 2789 471 2836 cum
491 2767 558 2837 ΧΠ
592 2769 776 2855 semiplenis
801 2769 994 2857 legionibus.
1039 2773 1116 2848 Hic.

77 2895 130 2960 vir
143 2893 288 2962 omnium
310 2892 512 2976 senissimus,
537 2913 643 2978 neque
670 2893 737 2958 ulit
761 2893 877 2960 virtute
899 2905 965 2962 tem
987 2897 1116 2984 longam

80 3021 223 3086 fortunae
243 3015 477 3106 indulgentiam
499 3013 644 3098 meritus,
667 3017 842 3083 exercitum
865 3017 1022 3110 Pompeii,
1043 3023 1117 3108 quia

79 3140 212 3231 propior
225 3143 340 3221 fueret,
355 3150 543 3230 sequentem
558 3161 624 3208 non
639 3139 753 3227 ipsius,
778 3141 834 3207 scd
858 3141 990 3210 casaris
1005 3157 1116 3211 aueto-

79 3263 209 3332 ritatem
230 3285 268 3330 ac
289 3261 398 3346 edem,
413 3261 474 3330 sibi
492 3261 667 3352 junxerat:
689 3263 881 3352 inflatusque
902 3265 1037 3354 amplius
1052 3265 1117 3336 xx

83 3387 251 3478 legionour
272 3405 421 3468 nurnero,
444 3385 479 3453 in
505 3381 539 3452 id
562 3385 676 3454 furoris
701 3397 908 3474 processerat,
931 3399 979 3472 ut,
995 3389 1119 3458 inutilis

82 3507 198 3576 alienor
212 3507 354 3577 victorie
370 3529 490 3588 comes,
505 3527 602 3596 quam
617 3506 673 3574 diu
688 3519 827 3576 moratus
843 3519 919 3593 crat,
939 3511 1120 3581 dissidendo

86 3633 122 3698 in
138 3631 279 3700 consiliis
293 3631 425 3713 Caesnri,
441 3639 475 3698 et
489 3651 614 3720 semper
627 3629 749 3699 diversa
762 3631 826 3716 his,
845 3655 918 3722 qne
933 3635 1002 3705 aliis
1015 3639 1121 3726 place-

87 3757 179 3834 bant,
204 3751 358 3834 dicendo,
376 3761 477 3818 totam
502 3750 668 3818 victoriam
683 3761 720 3818 ut
736 3775 825 3820 snam
842 3755 1120 3842 inteteressem

86 3875 286 3961 audebttque
308 3873 495 3942 denuntiare
509 3873 638 3956 Cesari,
653 3875 809 3942 secederet
823 3875 937 3944 steret
981 3879 1057 3945 Non
1085 3879 1123 3944 ob
