<?xml version="1.0" encoding="UTF-8"?>
<!DOCTYPE html PUBLIC "-//W3C//DTD XHTML 1.0 Transitional//EN"
    "http://www.w3.org/TR/xhtml1/DTD/xhtml1-transitional.dtd">
<html xmlns="http://www.w3.org/1999/xhtml" xml:lang="en" lang="en">
 <head>
  <title>
</title>
<meta http-equiv="Content-Type" content="text/html;charset=utf-8" />
  <meta name='ocr-system' content='tesseract 3.04.00' />
  <meta name='ocr-capabilities' content='ocr_page ocr_carea ocr_par ocr_line ocrx_word'/>
</head>
<body>
  <div class='ocr_page' id='page_1' title='image "./scriptoresroman01unkngoog_0240.png"; bbox 0 0 2738 4502; ppageno 0'>
   <div class='ocr_carea' id='block_1_1' title="bbox 495 225 1119 344">
    <p class='ocr_par' dir='ltr' id='par_1_1' title="bbox 495 225 1119 344">
     <span class='ocr_line' id='line_1_1' title="bbox 495 225 1119 344; baseline -0.011 -8"><span class='ocrx_word' id='word_1_1' title='bbox 495 247 550 336; x_wconf 60' lang='lat' dir='ltr'><strong>Du</strong></span> <span class='ocrx_word' id='word_1_2' title='bbox 572 265 704 340; x_wconf 80' lang='lat' dir='ltr'><strong>Lrvto.</strong></span> <span class='ocrx_word' id='word_1_3' title='bbox 1058 225 1119 344; x_wconf 54' lang='lat'><strong>231</strong></span> 
     </span>
    </p>
   </div>
   <div class='ocr_carea' id='block_1_2' title="bbox 60 431 1133 1875">
    <p class='ocr_par' dir='ltr' id='par_1_2' title="bbox 60 431 1143 1875">
     <span class='ocr_line' id='line_1_2' title="bbox 71 431 1116 538; baseline 0.004 -28"><span class='ocrx_word' id='word_1_4' title='bbox 71 431 283 510; x_wconf 80' lang='lat' dir='ltr'><strong>fertissimam</strong></span> <span class='ocrx_word' id='word_1_5' title='bbox 293 436 440 508; x_wconf 79' lang='lat' dir='ltr'><strong>cernebat</strong></span> <span class='ocrx_word' id='word_1_6' title='bbox 450 439 616 508; x_wconf 83' lang='lat' dir='ltr'><strong>Gallorum</strong></span> <span class='ocrx_word' id='word_1_7' title='bbox 627 443 741 524; x_wconf 85' lang='lat' dir='ltr'><strong>aciem,</strong></span> <span class='ocrx_word' id='word_1_8' title='bbox 755 445 894 511; x_wconf 84' lang='lat' dir='ltr'><strong>concitat</strong></span> <span class='ocrx_word' id='word_1_9' title='bbox 906 467 1023 534; x_wconf 88' lang='lat' dir='ltr'><strong>equum</strong></span> <span class='ocrx_word' id='word_1_10' title='bbox 1037 473 1047 531; x_wconf 75' lang='grc' dir='ltr'><strong>ς</strong></span> <span class='ocrx_word' id='word_1_11' title='bbox 1063 451 1116 538; x_wconf 65' lang='grc' dir='ltr'><strong>Ῑῃι·</strong></span> 
     </span>
     <span class='ocr_line' id='line_1_3' title="bbox 70 559 1095 659; baseline 0.002 -27"><span class='ocrx_word' id='word_1_12' title='bbox 70 559 247 652; x_wconf 74' lang='lat' dir='ltr'><strong>ferensque</strong></span> <span class='ocrx_word' id='word_1_13' title='bbox 262 585 295 632; x_wconf 88' lang='lat' dir='ltr'><strong>se</strong></span> <span class='ocrx_word' id='word_1_14' title='bbox 312 565 380 654; x_wconf 87' lang='lat' dir='ltr'><strong>ipse</strong></span> <span class='ocrx_word' id='word_1_15' title='bbox 394 565 519 631; x_wconf 82' lang='lat' dir='ltr'><strong>infestis</strong></span> <span class='ocrx_word' id='word_1_16' title='bbox 534 567 606 656; x_wconf 86' lang='lat' dir='ltr'><strong>telis</strong></span> <span class='ocrx_word' id='word_1_17' title='bbox 623 567 809 633; x_wconf 85' lang='lat' dir='ltr'><strong>interiectus</strong></span> <span class='ocrx_word' id='word_1_18' title='bbox 824 579 883 634; x_wconf 90' lang='lat' dir='ltr'><strong>est.</strong></span> <span class='ocrx_word' id='word_1_19' title='bbox 1090 651 1095 659; x_wconf 87' lang='lat'><em>.</em></span> 
     </span>
     <span class='ocr_line' id='line_1_4' title="bbox 119 665 1117 778; baseline 0.006 -26"><span class='ocrx_word' id='word_1_20' title='bbox 119 685 184 753; x_wconf 74' lang='lat' dir='ltr'><strong>vn</strong></span> <span class='ocrx_word' id='word_1_21' title='bbox 208 687 360 754; x_wconf 74' lang='lat' dir='ltr'><strong>humanae</strong></span> <span class='ocrx_word' id='word_1_22' title='bbox 381 684 455 754; x_wconf 85' lang='lat' dir='ltr'><strong>inde</strong></span> <span class='ocrx_word' id='word_1_23' title='bbox 476 689 545 776; x_wconf 85' lang='lat' dir='ltr'><strong>opis</strong></span> <span class='ocrx_word' id='word_1_24' title='bbox 560 687 657 756; x_wconf 86' lang='lat' dir='ltr'><strong>videri</strong></span> <span class='ocrx_word' id='word_1_25' title='bbox 681 707 789 777; x_wconf 83' lang='lat' dir='ltr'><strong>pugna</strong></span> <span class='ocrx_word' id='word_1_26' title='bbox 803 665 922 778; x_wconf 84' lang='lat' dir='ltr'><strong>potuit.</strong></span> <span class='ocrx_word' id='word_1_27' title='bbox 966 685 1117 776; x_wconf 85' lang='lat' dir='ltr'><strong>Romani,</strong></span> 
     </span>
     <span class='ocr_line' id='line_1_5' title="bbox 74 805 1116 899; baseline 0.003 -23"><span class='ocrx_word' id='word_1_28' title='bbox 74 811 163 876; x_wconf 87' lang='lat' dir='ltr'><strong>duce</strong></span> <span class='ocrx_word' id='word_1_29' title='bbox 178 807 308 892; x_wconf 88' lang='lat' dir='ltr'><strong>amisso,</strong></span> <span class='ocrx_word' id='word_1_30' title='bbox 321 817 393 896; x_wconf 74' lang='lat' dir='ltr'><strong>quie</strong></span> <span class='ocrx_word' id='word_1_31' title='bbox 407 827 456 875; x_wconf 86' lang='lat' dir='ltr'><strong>res</strong></span> <span class='ocrx_word' id='word_1_32' title='bbox 472 811 581 876; x_wconf 80' lang='lat' dir='ltr'><strong>terrori</strong></span> <span class='ocrx_word' id='word_1_33' title='bbox 594 805 671 878; x_wconf 74' lang='lat' dir='ltr'><strong>alias</strong></span> <span class='ocrx_word' id='word_1_34' title='bbox 683 831 752 878; x_wconf 91' lang='lat' dir='ltr'><strong>esse</strong></span> <span class='ocrx_word' id='word_1_35' title='bbox 767 813 859 893; x_wconf 79' lang='lat' dir='ltr'><strong>solet,</strong></span> <span class='ocrx_word' id='word_1_36' title='bbox 872 813 982 878; x_wconf 77' lang='lat' dir='ltr'><strong>sistere</strong></span> <span class='ocrx_word' id='word_1_37' title='bbox 994 813 1116 899; x_wconf 81' lang='lat' dir='ltr'><strong>lugam,</strong></span> 
     </span>
     <span class='ocr_line' id='line_1_6' title="bbox 66 929 1111 1023; baseline 0.003 -23"><span class='ocrx_word' id='word_1_38' title='bbox 66 955 110 1000; x_wconf 75' lang='lat' dir='ltr'><strong>ac</strong></span> <span class='ocrx_word' id='word_1_39' title='bbox 127 952 241 998; x_wconf 85' lang='lat' dir='ltr'><strong>noram</strong></span> <span class='ocrx_word' id='word_1_40' title='bbox 256 933 295 998; x_wconf 88' lang='lat' dir='ltr'><strong>de</strong></span> <span class='ocrx_word' id='word_1_41' title='bbox 315 935 441 1018; x_wconf 82' lang='lat' dir='ltr'><strong>integro</strong></span> <span class='ocrx_word' id='word_1_42' title='bbox 461 935 542 1000; x_wconf 89' lang='lat' dir='ltr'><strong>velle</strong></span> <span class='ocrx_word' id='word_1_43' title='bbox 556 935 733 1001; x_wconf 76' lang='lat' dir='ltr'><strong>instaurare</strong></span> <span class='ocrx_word' id='word_1_44' title='bbox 756 955 911 1023; x_wconf 82' lang='lat' dir='ltr'><strong>pugnam.</strong></span> <span class='ocrx_word' id='word_1_45' title='bbox 954 929 1054 1019; x_wconf 79' lang='lat' dir='ltr'><strong>Galli,</strong></span> <span class='ocrx_word' id='word_1_46' title='bbox 1078 945 1111 1003; x_wconf 83' lang='lat' dir='ltr'><strong>et</strong></span> 
     </span>
     <span class='ocr_line' id='line_1_7' title="bbox 69 1055 1133 1145; baseline 0.004 -23"><span class='ocrx_word' id='word_1_47' title='bbox 69 1057 213 1124; x_wconf 72' lang='lat' dir='ltr'><strong>maxime</strong></span> <span class='ocrx_word' id='word_1_48' title='bbox 228 1059 343 1141; x_wconf 84' lang='lat' dir='ltr'><strong>globus</strong></span> <span class='ocrx_word' id='word_1_49' title='bbox 355 1057 563 1122; x_wconf 76' lang='lat' dir='ltr'><strong>circumstans</strong></span> <span class='ocrx_word' id='word_1_50' title='bbox 574 1057 716 1124; x_wconf 87' lang='lat' dir='ltr'><strong>consulis</strong></span> <span class='ocrx_word' id='word_1_51' title='bbox 731 1055 857 1145; x_wconf 89' lang='lat' dir='ltr'><strong>corpus,</strong></span> <span class='ocrx_word' id='word_1_52' title='bbox 873 1061 959 1125; x_wconf 81' lang='lat' dir='ltr'><strong>velut</strong></span> <span class='ocrx_word' id='word_1_53' title='bbox 974 1057 1110 1126; x_wconf 76' lang='lat' dir='ltr'><strong>alienate</strong></span> <span class='ocrx_word' id='word_1_54' title='bbox 1131 1075 1133 1080; x_wconf 85' lang='grc'><strong>’</strong></span> 
     </span>
     <span class='ocr_line' id='line_1_8' title="bbox 71 1177 1116 1269; baseline 0.004 -25"><span class='ocrx_word' id='word_1_55' title='bbox 71 1186 200 1260; x_wconf 87' lang='lat' dir='ltr'><strong>mente,</strong></span> <span class='ocrx_word' id='word_1_56' title='bbox 214 1199 294 1245; x_wconf 82' lang='lat' dir='ltr'><strong>vans</strong></span> <span class='ocrx_word' id='word_1_57' title='bbox 308 1179 468 1245; x_wconf 83' lang='lat' dir='ltr'><strong>incassum</strong></span> <span class='ocrx_word' id='word_1_58' title='bbox 480 1177 600 1267; x_wconf 85' lang='lat' dir='ltr'><strong>jactare</strong></span> <span class='ocrx_word' id='word_1_59' title='bbox 616 1183 694 1246; x_wconf 85' lang='lat' dir='ltr'><strong>tela:</strong></span> <span class='ocrx_word' id='word_1_60' title='bbox 717 1193 839 1269; x_wconf 85' lang='lat' dir='ltr'><strong>torpere</strong></span> <span class='ocrx_word' id='word_1_61' title='bbox 855 1181 994 1269; x_wconf 82' lang='lat' dir='ltr'><strong>quidam,</strong></span> <span class='ocrx_word' id='word_1_62' title='bbox 1009 1195 1041 1250; x_wconf 89' lang='lat' dir='ltr'><strong>et</strong></span> <span class='ocrx_word' id='word_1_63' title='bbox 1057 1205 1116 1248; x_wconf 84' lang='lat' dir='ltr'><strong>nco</strong></span> 
     </span>
     <span class='ocr_line' id='line_1_9' title="bbox 73 1299 1115 1390; baseline 0.004 -26"><span class='ocrx_word' id='word_1_64' title='bbox 73 1321 199 1388; x_wconf 76' lang='lat' dir='ltr'><strong>pugnae</strong></span> <span class='ocrx_word' id='word_1_65' title='bbox 216 1299 410 1381; x_wconf 82' lang='lat' dir='ltr'><strong>meminisse,</strong></span> <span class='ocrx_word' id='word_1_66' title='bbox 426 1319 485 1366; x_wconf 85' lang='lat' dir='ltr'><strong>nec</strong></span> <span class='ocrx_word' id='word_1_67' title='bbox 501 1303 599 1386; x_wconf 77' lang='lat' dir='ltr'><strong>fugae.</strong></span> <span class='ocrx_word' id='word_1_68' title='bbox 642 1301 685 1368; x_wconf 83' lang='lat' dir='ltr'><strong>At</strong></span> <span class='ocrx_word' id='word_1_69' title='bbox 700 1315 841 1390; x_wconf 83' lang='lat' dir='ltr'><strong>exparte</strong></span> <span class='ocrx_word' id='word_1_70' title='bbox 857 1305 952 1369; x_wconf 76' lang='lat' dir='ltr'><strong>alteri</strong></span> <span class='ocrx_word' id='word_1_71' title='bbox 967 1305 1115 1390; x_wconf 85' lang='lat' dir='ltr'><strong>pontifex</strong></span> 
     </span>
     <span class='ocr_line' id='line_1_10' title="bbox 69 1417 1114 1514; baseline 0.002 -24"><span class='ocrx_word' id='word_1_72' title='bbox 69 1423 200 1504; x_wconf 88' lang='lat' dir='ltr'><strong>Livius,</strong></span> <span class='ocrx_word' id='word_1_73' title='bbox 212 1423 264 1489; x_wconf 83' lang='lat' dir='ltr'><strong>c&#39;ui</strong></span> <span class='ocrx_word' id='word_1_74' title='bbox 277 1417 404 1490; x_wconf 80' lang='lat' dir='ltr'><strong>lictores</strong></span> <span class='ocrx_word' id='word_1_75' title='bbox 420 1423 540 1488; x_wconf 83' lang='lat' dir='ltr'><strong>Decius</strong></span> <span class='ocrx_word' id='word_1_76' title='bbox 556 1424 736 1505; x_wconf 74' lang='lat' dir='ltr'><strong>tradiderat,</strong></span> <span class='ocrx_word' id='word_1_77' title='bbox 751 1421 960 1512; x_wconf 84' lang='lat' dir='ltr'><strong>jusseratque·</strong></span> <span class='ocrx_word' id='word_1_78' title='bbox 972 1447 1114 1514; x_wconf 81' lang='lat' dir='ltr'><strong>propne-</strong></span> 
     </span>
     <span class='ocr_line' id='line_1_11' title="bbox 71 1517 1117 1626; baseline 0 -16"><span class='ocrx_word' id='word_1_79' title='bbox 71 1553 179 1610; x_wconf 82' lang='lat' dir='ltr'><strong>torem</strong></span> <span class='ocrx_word' id='word_1_80' title='bbox 195 1565 275 1625; x_wconf 87' lang='lat' dir='ltr'><strong>esse,</strong></span> <span class='ocrx_word' id='word_1_81' title='bbox 290 1543 466 1624; x_wconf 81' lang='lat' dir='ltr'><strong>vociferari,</strong></span> <span class='ocrx_word' id='word_1_82' title='bbox 488 1545 604 1610; x_wconf 84' lang='lat' dir='ltr'><strong>Vicisse</strong></span> <span class='ocrx_word' id='word_1_83' title='bbox 619 1531 790 1624; x_wconf 76' lang='lat' dir='ltr'><strong>Romanos,</strong></span> <span class='ocrx_word' id='word_1_84' title='bbox 806 1517 967 1626; x_wconf 74' lang='lat' dir='ltr'><strong>defiuutos</strong></span> <span class='ocrx_word' id='word_1_85' title='bbox 987 1545 1117 1610; x_wconf 72' lang='lat' dir='ltr'><strong>emmelis</strong></span> 
     </span>
     <span class='ocr_line' id='line_1_12' title="bbox 60 1633 1115 1754; baseline 0.001 -22"><span class='ocrx_word' id='word_1_86' title='bbox 60 1665 164 1752; x_wconf 79' lang='lat' dir='ltr'><strong>suto:</strong></span> <span class='ocrx_word' id='word_1_87' title='bbox 191 1633 299 1735; x_wconf 56' lang='lat' dir='ltr'><strong>Gallo}</strong></span> <span class='ocrx_word' id='word_1_88' title='bbox 314 1667 524 1754; x_wconf 78' lang='lat' dir='ltr'><strong>Samnitesque</strong></span> <span class='ocrx_word' id='word_1_89' title='bbox 551 1667 682 1733; x_wconf 81' lang='lat' dir='ltr'><strong>Telluris</strong></span> <span class='ocrx_word' id='word_1_90' title='bbox 702 1670 810 1733; x_wconf 80' lang='lat' dir='ltr'><strong>matris</strong></span> <span class='ocrx_word' id='word_1_91' title='bbox 831 1689 869 1732; x_wconf 90' lang='lat' dir='ltr'><strong>oc</strong></span> <span class='ocrx_word' id='word_1_92' title='bbox 885 1666 1022 1734; x_wconf 85' lang='lat' dir='ltr'><strong>Deorum</strong></span> <span class='ocrx_word' id='word_1_93' title='bbox 1038 1666 1115 1733; x_wconf 87' lang='lat' dir='ltr'><strong>Mo-</strong></span> 
     </span>
     <span class='ocr_line' id='line_1_13' title="bbox 72 1789 1116 1875; baseline 0 -19"><span class='ocrx_word' id='word_1_94' title='bbox 72 1791 161 1856; x_wconf 74' lang='lat' dir='ltr'><strong>aium</strong></span> <span class='ocrx_word' id='word_1_95' title='bbox 175 1807 260 1855; x_wconf 86' lang='lat' dir='ltr'><strong>esse:</strong></span> <span class='ocrx_word' id='word_1_96' title='bbox 283 1810 391 1875; x_wconf 84' lang='lat' dir='ltr'><strong>rapere</strong></span> <span class='ocrx_word' id='word_1_97' title='bbox 413 1793 456 1856; x_wconf 85' lang='lat' dir='ltr'><strong>ad</strong></span> <span class='ocrx_word' id='word_1_98' title='bbox 469 1811 503 1856; x_wconf 87' lang='lat' dir='ltr'><strong>se</strong></span> <span class='ocrx_word' id='word_1_99' title='bbox 516 1813 554 1856; x_wconf 85' lang='lat' dir='ltr'><strong>ac</strong></span> <span class='ocrx_word' id='word_1_100' title='bbox 568 1811 677 1856; x_wconf 84' lang='lat' dir='ltr'><strong>vocure</strong></span> <span class='ocrx_word' id='word_1_101' title='bbox 696 1789 830 1856; x_wconf 79' lang='lat' dir='ltr'><strong>Decium</strong></span> <span class='ocrx_word' id='word_1_102' title='bbox 852 1793 994 1856; x_wconf 83' lang='lat' dir='ltr'><strong>deuotum</strong></span> <span class='ocrx_word' id='word_1_103' title='bbox 1015 1811 1116 1856; x_wconf 80' lang='lat' dir='ltr'><strong>secum</strong></span> 
     </span>
    </p>
   </div>
   <div class='ocr_carea' id='block_1_3' title="bbox 70 1921 1130 3978">
    <p class='ocr_par' dir='ltr' id='par_1_3' title="bbox 70 1921 1130 3978">
     <span class='ocr_line' id='line_1_14' title="bbox 73 1921 1115 2011; baseline -0.004 -21"><span class='ocrx_word' id='word_1_104' title='bbox 73 1928 195 1992; x_wconf 81' lang='lat' dir='ltr'><strong>oriem:</strong></span> <span class='ocrx_word' id='word_1_105' title='bbox 216 1921 432 2011; x_wconf 80' lang='lat' dir='ltr'><strong>furiarumque</strong></span> <span class='ocrx_word' id='word_1_106' title='bbox 454 1947 491 1989; x_wconf 88' lang='lat' dir='ltr'><strong>oc</strong></span> <span class='ocrx_word' id='word_1_107' title='bbox 513 1921 692 2006; x_wconf 79' lang='lat' dir='ltr'><strong>formidinis</strong></span> <span class='ocrx_word' id='word_1_108' title='bbox 712 1923 804 2006; x_wconf 84' lang='lat' dir='ltr'><strong>pleno</strong></span> <span class='ocrx_word' id='word_1_109' title='bbox 827 1925 927 1988; x_wconf 85' lang='lat' dir='ltr'><strong>omnia</strong></span> <span class='ocrx_word' id='word_1_110' title='bbox 950 1925 993 1987; x_wconf 78' lang='lat' dir='ltr'><strong>acl</strong></span> <span class='ocrx_word' id='word_1_111' title='bbox 1016 1923 1115 1988; x_wconf 75' lang='lat' dir='ltr'><strong>hostes</strong></span> 
     </span>
     <span class='ocr_line' id='line_1_15' title="bbox 73 2043 1111 2133; baseline -0.006 -19"><span class='ocrx_word' id='word_1_112' title='bbox 73 2069 151 2114; x_wconf 61' lang='lat' dir='ltr'><strong>esse,</strong></span> <span class='ocrx_word' id='word_1_113' title='bbox 196 2045 430 2133; x_wconf 81' lang='lat' dir='ltr'><strong>Superveniunt</strong></span> <span class='ocrx_word' id='word_1_114' title='bbox 446 2045 560 2109; x_wconf 89' lang='lat' dir='ltr'><strong>deinde</strong></span> <span class='ocrx_word' id='word_1_115' title='bbox 575 2045 624 2108; x_wconf 90' lang='lat' dir='ltr'><strong>his</strong></span> <span class='ocrx_word' id='word_1_116' title='bbox 641 2043 883 2110; x_wconf 81' lang='lat' dir='ltr'><strong>restituentibus</strong></span> <span class='ocrx_word' id='word_1_117' title='bbox 905 2057 1049 2130; x_wconf 84' lang='lat' dir='ltr'><strong>pugnam</strong></span> <span class='ocrx_word' id='word_1_118' title='bbox 1072 2043 1111 2108; x_wconf 85' lang='lat' dir='ltr'><strong>L.</strong></span> 
     </span>
     <span class='ocr_line' id='line_1_16' title="bbox 76 2147 1130 2254; baseline -0.006 -18"><span class='ocrx_word' id='word_1_119' title='bbox 76 2169 247 2238; x_wconf 89' lang='lat' dir='ltr'><strong>Cornelius</strong></span> <span class='ocrx_word' id='word_1_120' title='bbox 258 2168 367 2254; x_wconf 89' lang='lat' dir='ltr'><strong>Scipio</strong></span> <span class='ocrx_word' id='word_1_121' title='bbox 377 2177 409 2233; x_wconf 91' lang='lat' dir='ltr'><strong>et</strong></span> <span class='ocrx_word' id='word_1_122' title='bbox 422 2167 460 2233; x_wconf 89' lang='lat' dir='ltr'><strong>C.</strong></span> <span class='ocrx_word' id='word_1_123' title='bbox 477 2164 631 2248; x_wconf 82' lang='lat' dir='ltr'><strong>Marcius,</strong></span> <span class='ocrx_word' id='word_1_124' title='bbox 645 2147 719 2234; x_wconf 88' lang='lat' dir='ltr'><strong>cum</strong></span> <span class='ocrx_word' id='word_1_125' title='bbox 731 2165 879 2252; x_wconf 86' lang='lat' dir='ltr'><strong>subsidiis</strong></span> <span class='ocrx_word' id='word_1_126' title='bbox 893 2189 932 2231; x_wconf 82' lang='lat' dir='ltr'><strong>ex</strong></span> <span class='ocrx_word' id='word_1_127' title='bbox 943 2151 1114 2232; x_wconf 81' lang='lat' dir='ltr'><strong>iiovissimll</strong></span> <span class='ocrx_word' id='word_1_128' title='bbox 1128 2161 1130 2166; x_wconf 66' lang='grc'><strong>’</strong></span> 
     </span>
     <span class='ocr_line' id='line_1_17' title="bbox 76 2295 1111 2388; baseline -0.009 -19"><span class='ocrx_word' id='word_1_129' title='bbox 76 2303 157 2381; x_wconf 86' lang='lat' dir='ltr'><strong>acie,</strong></span> <span class='ocrx_word' id='word_1_130' title='bbox 171 2299 264 2388; x_wconf 90' lang='lat' dir='ltr'><strong>jussu</strong></span> <span class='ocrx_word' id='word_1_131' title='bbox 279 2299 321 2370; x_wconf 86' lang='lat' dir='ltr'><strong>Q.</strong></span> <span class='ocrx_word' id='word_1_132' title='bbox 338 2299 428 2364; x_wconf 80' lang='lat' dir='ltr'><strong>Fabii</strong></span> <span class='ocrx_word' id='word_1_133' title='bbox 444 2299 584 2364; x_wconf 90' lang='lat' dir='ltr'><strong>consulis</strong></span> <span class='ocrx_word' id='word_1_134' title='bbox 601 2297 640 2361; x_wconf 85' lang='lat' dir='ltr'><strong>ad</strong></span> <span class='ocrx_word' id='word_1_135' title='bbox 663 2295 846 2384; x_wconf 69' lang='lat' dir='ltr'><strong>presidium</strong></span> <span class='ocrx_word' id='word_1_136' title='bbox 862 2295 995 2380; x_wconf 78' lang='lat' dir='ltr'><strong>collegae</strong></span> <span class='ocrx_word' id='word_1_137' title='bbox 1011 2295 1111 2360; x_wconf 81' lang='lat' dir='ltr'><strong>missi.</strong></span> 
     </span>
     <span class='ocr_line' id='line_1_18' title="bbox 75 2417 1111 2504; baseline -0.011 -11"><span class='ocrx_word' id='word_1_138' title='bbox 75 2427 125 2494; x_wconf 91' lang='lat' dir='ltr'><strong>lbi</strong></span> <span class='ocrx_word' id='word_1_139' title='bbox 138 2425 263 2490; x_wconf 87' lang='lat' dir='ltr'><strong>auditur</strong></span> <span class='ocrx_word' id='word_1_140' title='bbox 279 2423 315 2488; x_wconf 91' lang='lat' dir='ltr'><strong>P.</strong></span> <span class='ocrx_word' id='word_1_141' title='bbox 331 2421 424 2488; x_wconf 90' lang='lat' dir='ltr'><strong>Decii</strong></span> <span class='ocrx_word' id='word_1_142' title='bbox 440 2431 585 2500; x_wconf 88' lang='lat' dir='ltr'><strong>eventus,</strong></span> <span class='ocrx_word' id='word_1_143' title='bbox 610 2420 724 2504; x_wconf 81' lang='lat' dir='ltr'><strong>iugens</strong></span> <span class='ocrx_word' id='word_1_144' title='bbox 746 2419 912 2484; x_wconf 82' lang='lat' dir='ltr'><strong>hortamen</strong></span> <span class='ocrx_word' id='word_1_145' title='bbox 941 2417 981 2482; x_wconf 84' lang='lat' dir='ltr'><strong>ad</strong></span> <span class='ocrx_word' id='word_1_146' title='bbox 1002 2419 1111 2482; x_wconf 85' lang='lat' dir='ltr'><strong>omnia</strong></span> 
     </span>
     <span class='ocr_line' id='line_1_19' title="bbox 76 2539 1113 2638; baseline -0.013 -23"><span class='ocrx_word' id='word_1_147' title='bbox 76 2571 134 2638; x_wconf 89' lang='lat' dir='ltr'><strong>pro</strong></span> <span class='ocrx_word' id='word_1_148' title='bbox 149 2547 313 2633; x_wconf 78' lang='lat' dir='ltr'><strong>republica</strong></span> <span class='ocrx_word' id='word_1_149' title='bbox 328 2543 482 2610; x_wconf 82' lang='lat' dir='ltr'><strong>audenda.</strong></span> <span class='ocrx_word' id='word_1_150' title='bbox 527 2543 639 2628; x_wconf 87' lang='lat' dir='ltr'><strong>ltaque</strong></span> <span class='ocrx_word' id='word_1_151' title='bbox 661 2563 759 2626; x_wconf 91' lang='lat' dir='ltr'><strong>quum</strong></span> <span class='ocrx_word' id='word_1_152' title='bbox 783 2541 869 2605; x_wconf 80' lang='lat' dir='ltr'><strong>Galli</strong></span> <span class='ocrx_word' id='word_1_153' title='bbox 893 2539 1020 2604; x_wconf 88' lang='lat' dir='ltr'><strong>structis</strong></span> <span class='ocrx_word' id='word_1_154' title='bbox 1041 2553 1113 2604; x_wconf 81' lang='lat' dir='ltr'><strong>ante</strong></span> 
     </span>
     <span class='ocr_line' id='line_1_20' title="bbox 77 2659 1113 2749; baseline -0.014 -12"><span class='ocrx_word' id='word_1_155' title='bbox 77 2695 110 2737; x_wconf 91' lang='lat' dir='ltr'><strong>se</strong></span> <span class='ocrx_word' id='word_1_156' title='bbox 123 2671 222 2738; x_wconf 89' lang='lat' dir='ltr'><strong>scutis</strong></span> <span class='ocrx_word' id='word_1_157' title='bbox 238 2667 373 2734; x_wconf 74' lang='lat' dir='ltr'><strong>conserti</strong></span> <span class='ocrx_word' id='word_1_158' title='bbox 388 2677 518 2746; x_wconf 84' lang='lat' dir='ltr'><strong>starent,</strong></span> <span class='ocrx_word' id='word_1_159' title='bbox 534 2685 593 2728; x_wconf 88' lang='lat' dir='ltr'><strong>nec</strong></span> <span class='ocrx_word' id='word_1_160' title='bbox 608 2663 710 2728; x_wconf 83' lang='lat' dir='ltr'><strong>facilis</strong></span> <span class='ocrx_word' id='word_1_161' title='bbox 724 2661 804 2749; x_wconf 89' lang='lat' dir='ltr'><strong>pede</strong></span> <span class='ocrx_word' id='word_1_162' title='bbox 820 2663 937 2726; x_wconf 83' lang='lat' dir='ltr'><strong>colluto</strong></span> <span class='ocrx_word' id='word_1_163' title='bbox 953 2659 1113 2724; x_wconf 81' lang='lat' dir='ltr'><strong>videretur</strong></span> 
     </span>
     <span class='ocr_line' id='line_1_21' title="bbox 74 2781 1110 2886; baseline -0.017 -24"><span class='ocrx_word' id='word_1_164' title='bbox 74 2817 201 2886; x_wconf 78' lang='lat' dir='ltr'><strong>pugna;</strong></span> <span class='ocrx_word' id='word_1_165' title='bbox 220 2792 313 2880; x_wconf 86' lang='lat' dir='ltr'><strong>jussu</strong></span> <span class='ocrx_word' id='word_1_166' title='bbox 328 2793 505 2876; x_wconf 82' lang='lat' dir='ltr'><strong>legatorum</strong></span> <span class='ocrx_word' id='word_1_167' title='bbox 520 2788 655 2852; x_wconf 87' lang='lat' dir='ltr'><strong>collecta</strong></span> <span class='ocrx_word' id='word_1_168' title='bbox 665 2783 755 2848; x_wconf 88' lang='lat' dir='ltr'><strong>humi</strong></span> <span class='ocrx_word' id='word_1_169' title='bbox 768 2783 842 2870; x_wconf 82' lang='lat' dir='ltr'><strong>pila,</strong></span> <span class='ocrx_word' id='word_1_170' title='bbox 858 2803 929 2867; x_wconf 76' lang='lat' dir='ltr'><strong>quae</strong></span> <span class='ocrx_word' id='word_1_171' title='bbox 946 2793 1042 2846; x_wconf 83' lang='lat' dir='ltr'><strong>strata</strong></span> <span class='ocrx_word' id='word_1_172' title='bbox 1057 2781 1110 2845; x_wconf 90' lang='lat' dir='ltr'><strong>in-</strong></span> 
     </span>
     <span class='ocr_line' id='line_1_22' title="bbox 73 2901 1108 2998; baseline -0.014 -18"><span class='ocrx_word' id='word_1_173' title='bbox 73 2927 122 2980; x_wconf 87' lang='lat' dir='ltr'><strong>ter</strong></span> <span class='ocrx_word' id='word_1_174' title='bbox 137 2915 214 2979; x_wconf 86' lang='lat' dir='ltr'><strong>duas</strong></span> <span class='ocrx_word' id='word_1_175' title='bbox 230 2911 312 2978; x_wconf 86' lang='lat' dir='ltr'><strong>acies</strong></span> <span class='ocrx_word' id='word_1_176' title='bbox 324 2907 485 2998; x_wconf 81' lang='lat' dir='ltr'><strong>jacebant,</strong></span> <span class='ocrx_word' id='word_1_177' title='bbox 501 2915 596 2992; x_wconf 86' lang='lat' dir='ltr'><strong>atque</strong></span> <span class='ocrx_word' id='word_1_178' title='bbox 611 2905 645 2970; x_wconf 91' lang='lat' dir='ltr'><strong>in</strong></span> <span class='ocrx_word' id='word_1_179' title='bbox 661 2902 852 2970; x_wconf 84' lang='lat' dir='ltr'><strong>testudinem</strong></span> <span class='ocrx_word' id='word_1_180' title='bbox 874 2901 1014 2966; x_wconf 86' lang='lat' dir='ltr'><strong>hostiurn</strong></span> <span class='ocrx_word' id='word_1_181' title='bbox 1031 2923 1108 2966; x_wconf 88' lang='lat' dir='ltr'><strong>con-</strong></span> 
     </span>
     <span class='ocr_line' id='line_1_23' title="bbox 70 3025 1113 3128; baseline -0.016 -21"><span class='ocrx_word' id='word_1_182' title='bbox 70 3040 170 3128; x_wconf 80' lang='lat' dir='ltr'><strong>jecta.</strong></span> <span class='ocrx_word' id='word_1_183' title='bbox 215 3039 339 3109; x_wconf 75' lang='lat' dir='ltr'><strong>Quibus</strong></span> <span class='ocrx_word' id='word_1_184' title='bbox 356 3033 514 3122; x_wconf 81' lang='lat' dir='ltr'><strong>plerisque</strong></span> <span class='ocrx_word' id='word_1_185' title='bbox 529 3035 562 3099; x_wconf 89' lang='lat' dir='ltr'><strong>in</strong></span> <span class='ocrx_word' id='word_1_186' title='bbox 577 3025 679 3108; x_wconf 81' lang='lat' dir='ltr'><strong>scuta,</strong></span> <span class='ocrx_word' id='word_1_187' title='bbox 695 3027 811 3094; x_wconf 75' lang='lat' dir='ltr'><strong>recinis</strong></span> <span class='ocrx_word' id='word_1_188' title='bbox 835 3027 868 3092; x_wconf 91' lang='lat' dir='ltr'><strong>in</strong></span> <span class='ocrx_word' id='word_1_189' title='bbox 892 3045 1022 3113; x_wconf 83' lang='lat' dir='ltr'><strong>corpore</strong></span> <span class='ocrx_word' id='word_1_190' title='bbox 1044 3025 1113 3110; x_wconf 79' lang='lat' dir='ltr'><strong>ipso</strong></span> 
     </span>
     <span class='ocr_line' id='line_1_24' title="bbox 76 3149 1117 3243; baseline -0.019 -14"><span class='ocrx_word' id='word_1_191' title='bbox 76 3161 160 3243; x_wconf 76' lang='lat' dir='ltr'><strong>fixis,</strong></span> <span class='ocrx_word' id='word_1_192' title='bbox 178 3161 327 3227; x_wconf 88' lang='lat' dir='ltr'><strong>sternitur</strong></span> <span class='ocrx_word' id='word_1_193' title='bbox 343 3179 475 3238; x_wconf 86' lang='lat' dir='ltr'><strong>cuneus,</strong></span> <span class='ocrx_word' id='word_1_194' title='bbox 496 3156 591 3222; x_wconf 83' lang='lat' dir='ltr'><strong>itaut</strong></span> <span class='ocrx_word' id='word_1_195' title='bbox 606 3175 722 3240; x_wconf 82' lang='lat' dir='ltr'><strong>magna</strong></span> <span class='ocrx_word' id='word_1_196' title='bbox 737 3173 807 3238; x_wconf 81' lang='lat' dir='ltr'><strong>pars</strong></span> <span class='ocrx_word' id='word_1_197' title='bbox 824 3149 956 3236; x_wconf 78' lang='lat' dir='ltr'><strong>integris</strong></span> <span class='ocrx_word' id='word_1_198' title='bbox 977 3149 1117 3234; x_wconf 86' lang='lat' dir='ltr'><strong>corpori-</strong></span> 
     </span>
     <span class='ocr_line' id='line_1_25' title="bbox 76 3267 1112 3355; baseline -0.021 -1"><span class='ocrx_word' id='word_1_199' title='bbox 76 3275 136 3355; x_wconf 83' lang='lat' dir='ltr'><strong>bus</strong></span> <span class='ocrx_word' id='word_1_200' title='bbox 150 3283 278 3350; x_wconf 82' lang='lat' dir='ltr'><strong>attoniti</strong></span> <span class='ocrx_word' id='word_1_201' title='bbox 290 3279 505 3348; x_wconf 89' lang='lat' dir='ltr'><strong>conciderent.</strong></span> <span class='ocrx_word' id='word_1_202' title='bbox 543 3279 625 3344; x_wconf 74' lang='lat' dir='ltr'><strong>Haec</strong></span> <span class='ocrx_word' id='word_1_203' title='bbox 641 3279 674 3342; x_wconf 91' lang='lat' dir='ltr'><strong>in</strong></span> <span class='ocrx_word' id='word_1_204' title='bbox 690 3277 819 3342; x_wconf 89' lang='lat' dir='ltr'><strong>sinistro</strong></span> <span class='ocrx_word' id='word_1_205' title='bbox 838 3293 937 3338; x_wconf 87' lang='lat' dir='ltr'><strong>cornu</strong></span> <span class='ocrx_word' id='word_1_206' title='bbox 951 3267 1112 3336; x_wconf 84' lang='lat' dir='ltr'><strong>Rornano-</strong></span> 
     </span>
     <span class='ocr_line' id='line_1_26' title="bbox 75 3396 1114 3482; baseline -0.019 -5"><span class='ocrx_word' id='word_1_207' title='bbox 75 3432 147 3477; x_wconf 91' lang='lat' dir='ltr'><strong>rum</strong></span> <span class='ocrx_word' id='word_1_208' title='bbox 172 3411 301 3474; x_wconf 83' lang='lat' dir='ltr'><strong>fortuna</strong></span> <span class='ocrx_word' id='word_1_209' title='bbox 324 3409 504 3470; x_wconf 78' lang='lat' dir='ltr'><strong>variaverat.</strong></span> <span class='ocrx_word' id='word_1_210' title='bbox 535 3401 666 3480; x_wconf 57' lang='lat' dir='ltr'><strong>‚Fabius</strong></span> <span class='ocrx_word' id='word_1_211' title='bbox 689 3403 722 3465; x_wconf 89' lang='lat' dir='ltr'><strong>in</strong></span> <span class='ocrx_word' id='word_1_212' title='bbox 748 3401 858 3465; x_wconf 84' lang='lat' dir='ltr'><strong>dextro</strong></span> <span class='ocrx_word' id='word_1_213' title='bbox 884 3408 984 3462; x_wconf 84' lang='lat' dir='ltr'><strong>cornu</strong></span> <span class='ocrx_word' id='word_1_214' title='bbox 1007 3396 1114 3482; x_wconf 77' lang='lat' dir='ltr'><strong>primo</strong></span> 
     </span>
     <span class='ocr_line' id='line_1_27' title="bbox 81 3519 1119 3622; baseline -0.016 -24"><span class='ocrx_word' id='word_1_215' title='bbox 81 3535 218 3622; x_wconf 71' lang='lat' dir='ltr'><strong>(utenti</strong></span> <span class='ocrx_word' id='word_1_216' title='bbox 234 3527 431 3612; x_wconf 89' lang='lat' dir='ltr'><strong>dictumest)</strong></span> <span class='ocrx_word' id='word_1_217' title='bbox 461 3527 642 3594; x_wconf 84' lang='lat' dir='ltr'><strong>cunctando</strong></span> <span class='ocrx_word' id='word_1_218' title='bbox 669 3533 845 3590; x_wconf 81' lang='lat' dir='ltr'><strong>extraxerat</strong></span> <span class='ocrx_word' id='word_1_219' title='bbox 870 3521 978 3586; x_wconf 84' lang='lat' dir='ltr'><strong>diem:</strong></span> <span class='ocrx_word' id='word_1_220' title='bbox 1005 3519 1119 3583; x_wconf 73' lang='lat' dir='ltr'><strong>deinde</strong></span> 
     </span>
     <span class='ocr_line' id='line_1_28' title="bbox 75 3640 1111 3741; baseline -0.014 -23"><span class='ocrx_word' id='word_1_221' title='bbox 75 3641 244 3741; x_wconf 81' lang='lat' dir='ltr'><strong>postquam</strong></span> <span class='ocrx_word' id='word_1_222' title='bbox 257 3673 316 3717; x_wconf 86' lang='lat' dir='ltr'><strong>nec</strong></span> <span class='ocrx_word' id='word_1_223' title='bbox 329 3651 448 3715; x_wconf 89' lang='lat' dir='ltr'><strong>clamor</strong></span> <span class='ocrx_word' id='word_1_224' title='bbox 460 3649 612 3728; x_wconf 87' lang='lat' dir='ltr'><strong>hostium,</strong></span> <span class='ocrx_word' id='word_1_225' title='bbox 624 3667 683 3710; x_wconf 86' lang='lat' dir='ltr'><strong>nec</strong></span> <span class='ocrx_word' id='word_1_226' title='bbox 695 3647 844 3732; x_wconf 89' lang='lat' dir='ltr'><strong>impetus,</strong></span> <span class='ocrx_word' id='word_1_227' title='bbox 857 3663 916 3706; x_wconf 88' lang='lat' dir='ltr'><strong>nec</strong></span> <span class='ocrx_word' id='word_1_228' title='bbox 929 3643 993 3706; x_wconf 80' lang='lat' dir='ltr'><strong>tels</strong></span> <span class='ocrx_word' id='word_1_229' title='bbox 1002 3640 1111 3716; x_wconf 80' lang='lat' dir='ltr'><strong>misso,</strong></span> 
     </span>
     <span class='ocr_line' id='line_1_29' title="bbox 77 3760 1120 3865; baseline -0.015 -23"><span class='ocrx_word' id='word_1_230' title='bbox 77 3775 212 3842; x_wconf 83' lang='lat' dir='ltr'><strong>eandem</strong></span> <span class='ocrx_word' id='word_1_231' title='bbox 227 3775 293 3840; x_wconf 88' lang='lat' dir='ltr'><strong>vim</strong></span> <span class='ocrx_word' id='word_1_232' title='bbox 309 3775 425 3840; x_wconf 88' lang='lat' dir='ltr'><strong>habere</strong></span> <span class='ocrx_word' id='word_1_233' title='bbox 440 3773 517 3853; x_wconf 86' lang='lat' dir='ltr'><strong>viss,</strong></span> <span class='ocrx_word' id='word_1_234' title='bbox 532 3771 690 3857; x_wconf 70' lang='lat' dir='ltr'><strong>prefectis</strong></span> <span class='ocrx_word' id='word_1_235' title='bbox 706 3767 849 3865; x_wconf 78' lang='lat' dir='ltr'><strong>equiturn</strong></span> <span class='ocrx_word' id='word_1_236' title='bbox 861 3760 960 3851; x_wconf 87' lang='lat' dir='ltr'><strong>jussis</strong></span> <span class='ocrx_word' id='word_1_237' title='bbox 975 3765 1013 3830; x_wconf 85' lang='lat' dir='ltr'><strong>ad</strong></span> <span class='ocrx_word' id='word_1_238' title='bbox 1034 3767 1120 3828; x_wconf 80' lang='lat' dir='ltr'><strong>latus</strong></span> 
     </span>
     <span class='ocr_line' id='line_1_30' title="bbox 75 3875 1114 3978; baseline -0.018 -10"><span class='ocrx_word' id='word_1_239' title='bbox 75 3899 269 3968; x_wconf 83' lang='lat' dir='ltr'><strong>Samnitium</strong></span> <span class='ocrx_word' id='word_1_240' title='bbox 282 3893 517 3964; x_wconf 86' lang='lat' dir='ltr'><strong>circumducere</strong></span> <span class='ocrx_word' id='word_1_241' title='bbox 529 3897 604 3974; x_wconf 75' lang='lat' dir='ltr'><strong>ales,</strong></span> <span class='ocrx_word' id='word_1_242' title='bbox 616 3903 650 3958; x_wconf 84' lang='lat' dir='ltr'><strong>ut</strong></span> <span class='ocrx_word' id='word_1_243' title='bbox 666 3893 759 3978; x_wconf 82' lang='lat' dir='ltr'><strong>signo</strong></span> <span class='ocrx_word' id='word_1_244' title='bbox 775 3875 849 3956; x_wconf 74' lang='lat' dir='ltr'><strong>dato</strong></span> <span class='ocrx_word' id='word_1_245' title='bbox 861 3889 894 3954; x_wconf 89' lang='lat' dir='ltr'><strong>in</strong></span> <span class='ocrx_word' id='word_1_246' title='bbox 908 3883 1114 3964; x_wconf 73' lang='lat' dir='ltr'><strong>nansrers&#39;os,</strong></span> 
     </span>
    </p>
   </div>
   <div class='ocr_carea' id='block_1_4' title="bbox 0 0 1374 4502">
    <p class='ocr_par' dir='ltr' id='par_1_4' title="bbox 0 0 1374 4502">
     <span class='ocr_line' id='line_1_31' title="bbox 0 0 1374 4502; baseline 0 0"><span class='ocrx_word' id='word_1_247' title='bbox 0 0 1374 4502; x_wconf 95' lang='lat' dir='ltr'><strong> </strong></span> 
     </span>
    </p>
   </div>
  </div>
 </body>
</html>
