2750 4510
482 274 736 350 CICERONE.'
1060 289 1119 352 113

125 457 346 530 Quamobrem
365 455 466 524 disces
487 459 666 543 tequidem
690 462 710 522 t
733 457 876 543 principe
898 455 995 544 hujus
1019 455 1121 524 aetatls

80 581 358 668 philosophorum,
367 591 399 646 et
408 581 520 660 disces,
528 581 678 666 quamdiu
687 583 789 646 voles:
803 565 1037 648 tamdiuautem
1049 585 1118 648 vel·‘

81 707 113 768 le
125 703 269 784 debebis,
279 705 384 790 quoad
395 713 438 784 te,
450 715 605 790 quantum
617 706 773 789 proficias,
786 727 852 770 non
863 703 1042 791 poenitebit.
1059 705 1123 770 Sed

84 839 193 892 tamen
207 839 314 892 nostra
326 829 448 912 legens,
460 849 523 892 non
538 831 674 893 multum
684 833 702 893 a
712 827 928 914 Peripateticis
937 827 1124 892 dissidentia

85 951 253 1036 (quoniam
275 935 401 1036 utrique
425 963 456 1016 et
476 951 628 1016 Socratici
644 963 675 1015 et
694 951 845 1016 Platonici
869 975 935 1015 esse
959 951 1120 1033 volumus)

83 1073 125 1138 de
153 1075 249 1139 rebus
276 1073 353 1158 ipsis
373 1085 460 1138 utere
485 1085 541 1138 tuo
572 1072 695 1160 judicio
708 1099 718 1154 3
752 1075 828 1138 nihil
853 1075 937 1138 enim
963 1073 1122 1160 impedio:

79 1195 258 1262 orationem
273 1205 381 1259 autern
397 1196 542 1260 Latinam
558 1199 700 1281 profecto
714 1197 855 1280 legendis
872 1197 985 1260 nostris
1004 1195 1121 1260 efficies

84 1315 274 1402 pleniorem.
320 1318 389 1383 Nee
414 1319 487 1382 vero
510 1329 690 1401 arroganter
718 1319 777 1380 hoc
802 1319 923 1381 dietam
953 1315 1125 1385 existimati

86 1441 195 1504 telirn.
239 1441 323 1503 Nom
347 1437 592 1524 philosophandi
615 1437 779 1502 seientiam
801 1441 976 1502 concedens
992 1439 1125 1520 multia3

87 1563 174 1650 quod
190 1574 239 1628 eat
263 1567 394 1628 oratoris
418 1563 590 1648 proprium,
606 1569 690 1646 apte,
707 1563 867 1640 distincte,
884 1565 992 1625 ornate
1010 1557 1127 1640 dicere,

88 1686 242 1772 quoniam
258 1686 289 1750 in
306 1710 343 1749 eo
359 1685 464 1749 studio
480 1695 604 1750 aetatem
623 1685 815 1770 consumpsi,
843 1686 869 1748 si
885 1683 916 1748 id
932 1681 1010 1747 milri
1034 1703 1125 1748 usau-

87 1831 153 1889 mo,
169 1809 279 1872 videor
291 1807 325 1872 id
340 1827 412 1872 meo
422 1807 493 1893 jure
510 1809 744 1894 quodammodo
760 1807 929 1872 vindicare.
1017 1801 1020 1811 '

95 1949 101 1958 ·
132 1935 350 2004 Quamobrem
374 1953 563 2018 magnopere
587 1943 620 1994 te
642 1933 759 2010 hortor,
784 1935 828 1994 mi
851 1931 975 2012 Cicero,
1003 1933 1039 1996 ut
1061 1933 1131 1996 non'

88 2059 194 2120 solum
208 2055 367 2119 orationes
382 2074 479 2134 meas,
495 2056 550 2118 secl
566 2055 624 2118 hos
641 2053 734 2118 etiam
748 2055 785 2118 de
801 2053 1000 2141 philosophia
1017 2055 1126 2134 libros,

88 2176 224 2265 quijarn
241 2177 348 2242 saillis
375 2179 438 2244 lere
455 2183 633 2263 aequarunt,
659 2177 797 2242 studiose
824 2179 918 2262 legas.
955 2177 1012 2242 Vis
1040 2179 1125 2243 enim

84 2301 213 2367 dicendi
227 2299 326 2387 major
340 2311 388 2365 est
410 2301 540 2368 inillis:
563 2301 619 2365 sed
647 2301 707 2365 hoc
727 2321 854 2386 quoque
875 2301 1044 2366 colendum'
1071 2313 1130 2366 est'

86 2426 244 2511 aequabile
267 2437 299 2488 et
322 2435 530 2510 temperatum
554 2423 704 2488 orationis
726 2437 838 2508 genus.
883 2425 928 2490 Et
952 2425 984 2489 ld
999 2425 1126 2511 quidem

90 2548 212 2614 nemini
223 2547 315 2611 video
328 2549 513 2612 Graecorum
531 2547 634 2610 adhuc
651 2547 832 2630 contigisse,
848 2557 884 2611 ut
899 2547 981 2610 idem
994 2559 1128 2633 utroque

89 2673 122 2739 in
138 2677 254 2758 genere
270 2674 434 2750 laboraret,
460 2681 706 2754 sequereturque
721 2683 753 2733 et
769 2669 847 2733 illud
870 2671 995 2733 forense
1018 2661 1128 2733 dieen-

86 2797 129 2878 ai,
146 2807 180 2860 et
195 2797 256 2859 hoe
267 2795 410 2882 quietam
427 2791 607 2880 disputandi
622 2811 736 2874 genus.
765 2791 835 2855 Noa
851 2803 955 2855 atatem
973 2801 1128 2878 quantum

87 2921 121 2984 id
140 2929 277 3004 utroque
290 2917 527 3004 profecerimus,
541 2915 673 2980 ulianam
696 2915 736 2978 ait
747 2912 903 2999 judicium
917 2939 927 2996 ;
960 2927 1132 3002 utrumque

89 3047 175 3108 certe
191 3041 293 3108 secuti
307 3061 427 3105 sumtis.

131 3165 283 3230 sedeam
298 3143 609 3249 statarisaemaliquid
631 3162 692 3226 hoe
715 3171 856 3248 tempore
879 3163 917 3228 ad
939 3173 970 3227 te
986 3163 1142 3244 seribere,'

88 3301 120 3355 et
141 3290 246 3353 multa
268 3287 412 3373 posthac,
437 3287 476 3348 ab
510 3307 548 3349 eo
579 3285 673 3349 ordiri
696 3283 781 3349 volui
806 3285 954 3366 maximt,
990 3287 1074 3372 quod
1101 3299 1136 3352 et

89 3411 175 3478 aetati
190 3423 255 3476 tuae
271 3421 354 3475 esset
365 3409 575 3495 aptissimum,
592 3419 623 3470 et
639 3409 817 3472 auctoritati
829 3415 919 3473 meai.
945 3409 1040 3488 Num,
1057 3405 1144 3475 eum'·

94 3537 199 3599 multo
213 3535 278 3600 sint
294 3533 327 3598 in
345 3532 545 3619 philosophia
561 3543 593 3594 et
607 3532 713 3615 gravia
733 3543 765 3596 et
784 3532 886 3611 utilia,
912 3537 1055 3598 accurate
1079 3546 1142 3597 σο-1

93 3660 249 3746 pioseque
265 3659 283 3719 ir
305 3655 502 3742 philosophis
524 3653 691 3740 disputata,
708 3653 857 3718 latissime
870 3665 976 3741 patere
991 3655 1137 3722 videntur

89 3807 137 3864 aaa,
149 3806 224 3869 qnae
239 3783 278 3846 de
291 3779 397 3869 officiis
411 3781 524 3846 tradita
548 3783 587 3844 ab
610 3779 671 3844 illis
693 3789 725 3844 et
740 3791 896 3866 praecepta
912 3753 998 3846 sunt.
1032 3782 1070 3846 N
1072 3785 1136 3846 ulla

91 3908 178 3974 enim
197 3906 271 3972 ritae
288 3927 373 3992 pars,
389 3926 493 3992 neque
511 3901 660 3992 publicis,
683 3904 939 3990 impraeparatio,
964 3925 1065 3990 neque
1089 3907 1146 3968 fo·'
1221 3975 1224 3996 1

530 4067 533 4076 2
612 4027 644 4096 Q
