2804 4524
541 307 782 376 CICERONE.
1130 322 1171 393 27

135 487 221 545 esset
236 477 413 559 silentium,
428 488 462 544 et
474 479 595 566 aliquid
608 483 788 550 audiremus
800 481 909 571 potius
920 503 961 548 ex
972 493 1016 566 te,
1028 488 1124 572 quim
1137 497 1170 554 te

134 601 334 666 afficeremus
356 601 424 666 ulls
445 601 605 668 molestis.
648 603 714 670 Vos
734 604 818 686 veri,
840 605 982 693 iuquam,
1001 607 1121 692 Attice,
1137 619 1171 675 et

134 731 329 808 presentem
351 743 403 788 me
424 729 499 790 curt
520 726 645 810 levatis,
660 738 694 792 et
709 729 834 794 absenti
850 749 967 816 magus
980 731 1094 796 solatia
1113 733 1170 796 de-

134 845 249 912 distis:
271 867 346 911 num
359 847 473 913 vestris
486 848 626 934 primum
641 849 740 918 literis
763 863 934 935 recreatus,
957 875 1007 920 me
1030 854 1068 923 ad
1088 853 1170 940 pris·
1199 895 1205 901 ι

134 967 207 1038 tius
221 968 329 1039 studia
340 971 497 1042 revocavi.

497 1214 848 1267 *⁸¹*-

281 1427 1018 1510 &mmmmfflmw.

561 1645 774 1708 cumulus,

142 1758 257 1878 SED
271 1796 310 1863 de
323 1798 375 1866 M.
389 1797 525 1864 Callidio
537 1799 680 1867 dicamus
694 1800 826 1887 aliquid,
841 1801 897 1888 qui
912 1823 977 1870 uon
993 1803 1056 1870 tuit
1070 1816 1175 1874 orator

140 1947 226 1994 unus
240 1929 259 1990 ὲ
274 1925 408 2004 multis3
431 1925 538 2012 potius
554 1925 638 1990 iuter
653 1927 774 1992 multos
789 1931 889 2012 prope
904 1927 1074 2014 singularis
1089 1930 1152 1996 luit
1165 1957 1173 1998 r

137 2049 186 2115 its
201 2047 380 2115 reconditus
396 2047 634 2135 exquisitasque
650 2049 825 2114 sententies
841 2051 947 2129 mollis
963 2061 995 2116 et
1009 2053 1175 2137 pellueens

140 2173 298 2239 vestiebat
321 2171 434 2238 oratio.
470 2170 571 2236 ¹Nihil
593 2179 658 2236 tam
681 2181 840 2253 tenerum,
865 2175 960 2258 quim
980 2172 1066 2240 illius
1085 2196 1176 2244 com.-

140 2295 311 2383 preheusio
338 2297 526 2360 verborum:
562 2293 644 2360 nilril
674 2303 739 2362 tam
768 2266 929 2360 flexibiles
967 2295 1061 2378 nihil,
1091 2297 1177 2384 quod

141 2413 244 2502 magis
268 2413 370 2502 ipsius
392 2413 520 2484 arbitrio
543 2415 727 2500 fingeretur,
753 2423 788 2479 ut
803 2415 923 2480 nullius
938 2415 1070 2496 oratoris
1084 2421 1176 2505 reque

142 2540 178 2605 iu
192 2548 351 2626 potestate
365 2538 484 2607 fuerit:
512 2561 585 2626 quae
608 2539 748 2625 primum
773 2537 819 2606 ita
836 2561 917 2628 pure
937 2551 1016 2622 erat,
1036 2549 1075 2606 ut
1096 2541 1178 2606 nihil

144 2660 320 2747 liquidius:
347 2660 393 2726 itu
415 2660 513 2727 libere
538 2661 667 2741 fluebat,
692 2670 730 2726 ut
755 2682 911 2746 nusquam
927 2661 1177 2726 adhaerescere:

146 2783 282 2863 nullum,
298 2779 360 2846 uisi
375 2783 446 2848 loeo
461 2779 617 2866 positum,
641 2789 673 2843 et
689 2789 841 2864 tanquam
856 2779 889 2844 in
901 2779 1098 2844 vermiculato
1112 2801 1178 2844 em·

144 2907 284 2988 umas,
308 2915 344 2972 ut
370 2905 415 2970 ait
438 2902 595 2984 Lucilius,
620 2911 778 2970 structum
803 2903 934 2970 verbum
958 2901 1091 2982 videres,
1118 2923 1179 2971 nec

145 3031 218 3096 reru
240 3030 344 3096 ullum
366 3039 422 3095 aut
441 3027 570 3108 durum,
596 3036 652 3092 aut
671 3025 824 3106 insoleus,
847 3035 903 3092 aut
923 3025 1055 3108 humile,
1076 3027 1180 3096 autin

145 3153 274 3239 lougius
289 3153 446 3220 ductum:
474 3174 511 3216 ac
525 3172 591 3216 nou
613 3150 740 3236 propris
758 3151 851 3214 uerba
871 3171 987 3231 rerum,
1007 3151 1062 3216 sed
1077 3153 1180 3237 pleru-

148 3295 211 3360 que
237 3274 373 3353 tralats3
405 3272 451 3338 sie
479 3281 597 3354 tamen,
620 3281 658 3342 ut
680 3291 717 3334 ee
742 3292 807 3334 non
830 3270 957 3336 irruisse
980 3271 1014 3336 iu
1041 3271 1182 3337 elieuuur

146 3400 267 3478 locum,
291 3397 346 3462 sed
371 3396 567 3483 immigrtsse
591 3397 624 3460 in
648 3415 742 3462 suum
758 3394 891 3461 diceres.
936 3395 1007 3460 Nec
1022 3394 1094 3458 veri
1110 3393 1180 3458 haee

147 3523 272 3602 soluts,
285 3543 345 3586 nee
359 3519 546 3600 diffluentia,
572 3519 627 3584 sed
642 3518 791 3584 adstricta
806 3517 956 3597 numeris,
982 3537 1047 3581 nou
1062 3520 1181 3601 aperte,

149 3665 207 3708 rree
221 3643 446 3710 eodemmodo
460 3663 595 3729 semper,
618 3643 674 3708 sed
689 3643 771 3707 varie
787 3641 1085 3728 dissimulanterque
1101 3605 1181 3704 eon·

148 3767 254 3833 clusis.
297 3769 401 3834 Erant
427 3776 533 3834 sutem
560 3767 788 3846 etuerborum
815 3774 848 3829 et
871 3763 1101 3828 sententiarum
1125 3763 1181 3826 illa

148 3890 283 3974 Iuntina,
303 3911 377 3977 quse
392 3897 508 3956 vocent
531 3885 637 3953 Grreci
653 3881 806 3971 σχήματα,
831 3883 947 3972 quibus
964 3893 1114 3978 tauquam
1130 3883 1181 3958 lu.

200 4062 211 4096 Ι
632 4007 698 4084 Et
