2724 4494
392 165 463 243 'Er
484 177 824 248 QUlNCTlLlANO.
1073 183 1134 252 ³⁴7

93 351 259 430 cruciaret,
280 351 417 416 fortunar
442 351 513 430 tuit,
538 361 574 414 ut
590 351 642 414 illo
658 350 735 416 milri
752 349 1054 432 blandissimns‚nre
1070 351 1134 416 suis

88 473 283 552 nutricibus,
307 495 357 538 nre
375 474 452 538 aviae
475 473 636 554 educenti,
652 493 704 538 rna
718 473 882 556 omnibns,
898 473 950 557 qui
973 473 1129 538 solicitnra
1152 505 1155 510 ·

87 598 198 662 solent
212 595 281 662 illas
298 607 421 678 aetates,
431 595 610 694 anteferret.
635 597 833 682 Quapropter
851 595 896 658 illi
908 595 1021 674 dolori,
1037 595 1130 678 quoin

87 737 130 780 cx
146 727 245 780 matre
254 715 387 802 optimi,
401 727 494 802 atque
508 717 633 780 laudem
650 735 778 796 omnem
790 719 1000 802 supergressi,
1012 735 1131 798 paucos

83 848 163 920 apte
178 859 304 903 tnenses
319 858 477 924 ceperam,
489 832 639 924 gratulor.
663 835 774 902 Minus
787 837 871 902 enirn
887 839 1034 922 estquod
1052 837 1129 898 tlen-

85 961 167 1026 dnrn
183 980 255 1024 meo
270 959 412 1042 nominc,
423 965 519 1046 quiin
534 959 620 1044 quod
634 959 718 1024 illins
740 959 943 1046 gaudendum
959 971 1017 1022 est.
1058 957 1130 1030 Una

83 1093 162 1168 post
175 1083 243 1148 haec
256 1083 468 1152 Quinctilioni
485 1083 546 1150 mei
562 1103 618 1168 spo
630 1105 666 1147 ac
678 1085 840 1174 voluptate
852 1082 998 1160 nitebar3
1022 1093 1053 1144 et
1068 1103 1126 1166 po-

85 1217 171 1288 terat
185 1205 327 1271 sufficere
343 1205 468 1270 solatio.
491 1205 568 1270 Non
584 1205 667 1270 enirn
684 1205 846 1283 flosculos,
862 1205 945 1270 siout
958 1204 1054 1290 prior,
1073 1203 1127 1268 Sed

77 1328 152 1416 jam
167 1327 325 1394 decimum
341 1328 446 1394 aetatis
466 1327 628 1412 ingressus
644 1341 775 1402 annum,
790 1337 893 1390 certos
907 1337 1001 1410 atque
1021 1327 1125 1392 delo:-

84 1463 190 1518 matos
207 1453 329 1516 fructus
344 1451 538 1516 ostenderat.
573 1447 653 1516 ιῐιιιο
667 1471 723 1536 por
739 1449 821 1512 mola
836 1469 918 1526 metr,
939 1471 994 1534 per
1019 1450 1125 1512 inat-2-

85 1595 160 1640 cetn
173 1574 414 1656 conscientiam,
425 1595 482 1660 per
493 1573 565 1638 illos
581 1594 703 1654 manes,
716 1571 847 1638 nurnino
856 1572 974 1636 doloris
987 1571 1060 1650 moi,
1071 1571 1128 1638 has

84 1719 141 1764 me
156 1697 191 1766 in
207 1699 265 1764 illo
281 1697 395 1766 vidisse
410 1697 543 1764 virtutes
558 1695 691 1784 ingenii,
709 1717 778 1775 non,
788 1695 882 1762 modo
897 1696 935 1760 ad
951 1687 1127 1782 percipien-

84 1823 146 1890 das
161 1821 356 1908 disciptinas,
372 1844 435 1906 quo
450 1821 529 1886 nihil
545 1819 749 1906 praestantius
765 1820 911 1904 cognovi,
923 1819 1059 1905 plurima
1071 1841 1126 1884 ox·

82 1957 208 2035 pertus,
223 1943 383 2030 studiique
392 1943 462 2031 jam
478 1952 546 2010 tum
562 1965 626 2010 nou
642 1944 743 2008 coacti
763 1943 882 2028 (sciunt
896 1945 1122 2028 praeceptores)

84 2067 144 2136 sed
159 2067 337 2154 probitatis,
353 2066 492 2153 pietatis,
508 2065 728 2146 humanitatis,
744 2065 961 2146 liberalitatis3
985 2077 1020 2130 ut
1035 2085 1126 2152 pror·

82 2211 142 2258 aus
157 2190 258 2276 possit
274 2189 348 2258 hinc
361 2211 429 2256 esse
441 2190 521 2256 tanti
538 2189 682 2256 fulminis
695 2200 810 2270 metus,
823 2189 910 2276 quod
924 2191 1125 2258 observatum

81 2317 152 2382 fere
168 2324 228 2394 est,
242 2313 376 2380 celerius
391 2312 535 2378 occidere
550 2313 731 2376 festinatam
748 2314 982 2394 mattuitntetn3
1005 2325 1038 2396 ot
1057 2335 1127 2380 esse

85 2438 196 2504 nescio
212 2455 320 2520 quarn,
335 2455 408 2518 quae
422 2455 496 2516 spes
511 2441 616 2496 tantas
631 2433 791 2517 decerpat,
807 2433 968 2514 invidiam,
984 2457 1023 2498 ne
1039 2402 1127 2500 vitle-=

85 2563 164 2630 licet
185 2563 270 2626 ultro
292 2563 388 2648 quim
411 2558 535 2624 homini
558 2560 749 2640 (latomere,
772 2572 879 2624 nostra
902 2562 1124 2644 provehantur.

92 2683 201 2770 Etiam
215 2683 269 2746 illa
282 2681 411 2746 fortuita
421 2677 550 2774 oderant
565 2682 685 2762 omnin,
695 2682 781 2746 vocis
791 2679 975 2766 jucnnditas
988 2683 1129 2748 claritas·

89 2826 165 2890 que,
175 2803 238 2868 oris
250 2801 397 2880 suaaitas,
410 2811 441 2866 et
452 2800 486 2864 ia
498 2805 695 2886 utracunque
706 2803 828 2886 lingua,
839 2813 989 2888 tanquam
1003 2803 1043 2868 ad
1057 2825 1125 2870 earn

89 2929 219 2992 demum
237 2937 330 2992 tintus
342 2935 436 3004 esset,
449 2947 595 3014 expressa
608 2925 783 3010 proprietas
798 2927 940 2992 ominium
955 2927 1125 2996 literarum.

86 3045 151 3112 Sed
163 3045 234 3112 haee
247 3067 320 3134 spes
332 3043 455 3110 adlinet
478 3045 533 3110 illa
545 3043 676 3132 majora,
689 3045 878 3128 constantia,
891 3049 1036 3132 gravitas,
1046 3071 1124 3114 con-
1150 3117 1152 3124 ,

90 3181 139 3236 tra
151 3167 273 3256 tlolores
286 3165 381 3231 etiam
394 3185 430 3232 ao
441 3177 545 3252 metus
558 3168 665 3232 robur.
690 3166 719 3230 N
724 3188 774 3232 aur
790 3191 854 3254 quo
869 3169 922 3232 ille
938 3171 1055 3252 animo,
1065 3177 1128 3256 qual

66 3309 69 3314 ·
88 3290 284 3358 medicorum
300 3288 519 3372 admiratione,
534 3290 695 3356 mensium
711 3301 784 3356 octo
799 3283 1012 3358 valetudinarii
1028 3294 1102 3360 tulit
1115 3294 1123 3360 l

90 3421 128 3478 ut
148 3433 199 3476 me
221 3411 256 3478 iu
277 3410 434 3499 supremis
456 3413 638 3478 consolatus
652 3413 720 3477 esti
744 3412 948 3500 quinetiam
964 3414 1125 3496 deliniens,

90 3553 248 3622 quamque
272 3556 337 3600 non
359 3544 437 3602 tuno
458 3535 563 3620 ipsura
584 3535 677 3600 illum
698 3535 842 3602 alienatae
859 3537 974 3602 tuentis
990 3525 1125 3609 errorent

91 3658 173 3724 circa
188 3659 269 3722 solas
284 3657 393 3722 literas
406 3657 538 3724 habuit!
562 3657 691 3724 Tuosne
707 3679 780 3744 ego,
793 3663 813 3724 o
828 3681 906 3726 mcae
918 3683 988 3748 spos
1004 3661 1124 3739 inanes,

94 3780 234 3842 labentes
247 3780 371 3860 oculos,
384 3789 476 3868 tuuur
489 3775 671 3864 fugientem¹
680 3779 824 3868 spiritum
840 3781 919 3850 vidit
937 3785 1044 3849 Toum
1058 3807 1126 3850 cor.

562 3901 663 3986 Yyt‘
