2804 4524
503 261 743 335 mosmos
960 347 964 356 ,
1095 263 1138 338 rs

93 449 206 511 autem
223 449 308 508 unns
322 438 403 520 dies,
417 440 502 504 bene
512 448 545 504 et
557 461 597 504 ex
611 435 779 526 preceptis
793 435 975 516 tuiscone,
989 436 1140 522 peccanti

93 561 326 630 immortalitati
348 561 602 646 anteponendus.
646 559 746 648 eujus
774 559 871 644 igitur
892 559 999 644 potius
1020 559 1136 646 opibus

95 694 228 754 ntanor
248 685 346 767 quim
367 681 430 748 tuis
444 684 455 750 l
492 703 564 771 quae
584 691 620 748 et
640 680 715 748 vitm
744 679 1006 766 tranquillitatem
1028 681 1141 767 largita

97 807 194 876 nobis
205 827 254 887 cs,
267 815 302 872 et
316 815 466 872 terrorem
482 805 592 877 mortis
605 804 776 874 sustulisti.

144 929 191 994 At
206 925 413 1013 Philosophia
426 925 555 1012 quidem
579 929 706 998 tonttm
728 927 829 1004 abest,
849 936 887 992 ut
909 925 1038 1009 perinde
1050 945 1090 992 nc
1103 923 1143 990 tis

101 1050 272 1116 mminnm
289 1059 337 1116 cst
352 1049 426 1125 sits
437 1047 562 1126 menta,
578 1047 735 1126 landetur,
749 1056 786 1114 ut
808 1051 837 1112 i:
849 1048 960 1114 multis
975 1049 1071 1112 etism
1094 1045 1143 1116 vi⁴

101 1179 281 1259 tuperetur.
325 1171 509 1256 vituperare
535 1171 703 1256 quisquam
727 1169 800 1236 vitoe
827 1183 1002 1256 parentem,
1024 1179 1060 1236 'et
1082 1171 1145 1236 hoc

103 1293 272 1382 parricidio
288 1314 321 1362 se
337 1293 501 1382 inquinare
517 1293 612 1366 sudet
626 1297 637 1359 l
661 1304 694 1359 ct
716 1305 781 1361 tam
795 1293 892 1378 impie
907 1295 1050 1379 ingestus
1064 1315 1144 1376 esec,

106 1427 148 1484 ut
163 1435 233 1482 eam
248 1427 387 1496 accuset,
404 1437 499 1500 quom
514 1416 613 1482 vereri
628 1415 768 1496 tetuet,
782 1415 906 1490 etiamsi
922 1419 1028 1482 minus
1041 1419 1146 1504 persta

106 1559 184 1626 pere
201 1538 382 1624 potutssst?
407 1537 483 1618 Sed,
498 1547 535 1618 ut
551 1537 675 1622 opinor,
691 1537 855 1618 hiemem,
870 1547 903 1602 et
917 1539 986 1603 hnc
1000 1541 1150 1605 indocto—

108 1683 181 1730 rum
198 1661 312 1726 animis
327 1661 431 1727 offusa
446 1660 548 1744 caligo
572 1669 632 1739 est,
647 1659 733 1745 qnod
756 1669 823 1726 tam
844 1661 940 1744 longe
951 1663 1035 1726 semo
1048 1661 1151 1750 respi-

110 1807 183 1852 ccrc
204 1807 271 1850 non
292 1793 449 1870 possunt3
473 1805 533 1848 nec
555 1803 622 1864 eos,
645 1787 663 1848 t
685 1783 801 1868 quibus
824 1783 889 1850 uita
910 1782 1079 1849 hominnm
1101 1785 1152 1850 in-

110 1911 233 1976 stincto
252 1905 354 1992 prium
377 1903 430 1986 sit,
453 1903 551 1970 fuisse
572 1903 779 1990 philosophos
801 1903 1014 1972 arbitrantes.
1046 1905 1153 1978 Qnm

111 2050 180 2098 rem
194 2027 447 2116 antiquissimam
462 2031 537 2094 cum
552 2025 724 2109 videamus,
741 2047 858 2096 nomen
873 2037 980 2094 tamen
993 2049 1062 2094 esse
1074 2049 1154 2098 con-

114 2155 246 2222 fitemur
259 2171 382 2218 recens.

101 2339 106 2346 ,
157 2276 245 2342 Nun
260 2272 455 2362 Stpicntiom
476 2272 604 2360 quidem
618 2272 721 2358 ipsum
742 2271 814 2359 quis
838 2295 955 2360 negare
969 2284 1160 2362 potest-non

114 2399 212 2468 nott
234 2421 269 2464 re
290 2397 550 2482 essctntiquam,
566 2401 675 2462 vestm
697 2396 793 2466 etism
809 2399 962 2464 nomine?
986 2399 1156 2486 quotlivl-

117 2538 232 2586 norum
257 2517 532 2604 humanarumque
554 2527 774 2602 resumtum
795 2515 958 2584 initiorum
980 2539 1163 2594 musmo-

121 2647 198 2728 qnc,
220 2651 290 2706 tum
313 2637 467 2726 cujusque
487 2636 533 2702 rei
552 2613 736 2722 cognitione
758 2637 820 2702 hoc
834 2639 1090 2724 pulcherrimum
1104 2661 1165 2705 nn-

118 2789 195 2834 mcn
209 2765 295 2851 apud
317 2763 464 2852 mtiqnos
487 2765 723 2848 assequebatur.
767 2763 878 2847 ltaque
893 2773 927 2828 et
941 2763 1015 2829 illos
1028 2773 1163 2850 septem,

119 2887 177 2975 qui
191 2890 210 2950 i
225 2885 346 2953 osseis
371 2883 470 2972 Σοφοὶ,
490 2883 656 2976 Sapientes
678 2885 697 2948 a
721 2881 848 2964 nostris,
862 2894 895 2950 et
918 2883 1119 2953 habebuntur
1132 2897 1167 2954 ct

122 3009 384 3106 nomnmantur,
394 3018 427 3074 et
438 3007 548 3072 multis
557 3009 630 3072 nott
640 3005 755 3072 seculis
768 3007 952 3092 Lycurgum
966 3005 1073 3096 (cnjus
1083 3021 1165 3076 tem-

123 3133 257 3222 poribus
274 3133 437 3201 Homerns
452 3131 547 3197 etiarn
562 3131 673 3212 fuisse,
690 3141 765 3198 ante
778 3131 860 3198 hanc
872 3133 984 3200 urbem
996 3133 1172 3216 conditum,
1214 3191 1216 3196 ,
1246 3102 1252 3113 ¹

127 3257 276 3340 traditur)
296 3255 391 3344 etism
405 3253 544 3322 heroicis
560 3255 708 3320 aetatibus
722 3255 871 3340 Ulyssem
884 3267 917 3322 et
932 3258 1104 3324 Nestorem
1119 3279 1174 3323 ne·

131 3379 275 3472 cepimus
290 3389 323 3446 et
336 3377 435 3447 tuisse
449 3389 482 3446 ct
497 3378 622 3447 habitos
634 3402 703 3446 csse
717 3379 896 3466 Sapientes.

173 3501 247 3571 Nec
259 3501 334 3566 scm
347 3500 439 3569 Atlas
451 3499 608 3568 sustinete
621 3501 753 3582 coelum,
762 3521 825 3566 nec
837 3501 1047 3574 Prometheus
1062 3503 1175 3570 affixus

132 3623 290 3708 Caucaso,
314 3645 373 3693 nec
397 3625 541 3710 stellatus
565 3623 712 3708 Cepheos
727 3645 808 3694 cum
831 3645 940 3706 uxore,
962 3647 1091 3710 genero,
1112 3627 1179 3698 filit

133 3721 323 3830 cuderetur,
347 3745 410 3836 nisi
432 3723 613 3816 coelestium
635 3745 741 3812 divina
762 3717 903 3833 cognitio
926 3769 1044 3817 nomen
1068 3747 1179 3818 eornt'n

137 3871 179 3938 ad
200 3891 338 3940 errorem
362 3871 479 3938 sabulos
502 3869 705 3936 traduxisset.
748 3872 778 3938 A
799 3871 914 3958 quibus
930 3873 1018 3942 ducti
1031 3875 1181 3962 deinceps

632 3991 662 4056 1.
677 3999 697 4056 2
