2756 4484
241 189 305 245 402
645 179 871 248 El'lSTOLAE

243 357 294 422 me
310 352 414 436 cupio.
458 349 556 434 Regis
580 352 751 416 exercitum
769 352 996 438 amplissimum
1010 377 1020 434 3
1045 353 1119 417 hine
1135 353 1194 418 tibi
1210 355 1251 419 be

242 470 423 536 neticiorum
448 473 534 556 larga
554 471 691 551 materia,
714 475 844 558 longum
868 483 1017 558 praeterea
1040 485 1178 558 tempus,
1203 497 1269 558 quo

239 593 357 657 amicos
373 603 444 658 tuos
461 615 611 656 exornare
626 595 768 679 potuisti.
805 597 993 660 Convertere
1007 596 1046 658 ad
1058 605 1193 672 nostros,
1205 615 1264 658 nec

241 715 298 780 lios
314 719 438 784 multos.
480 717 594 780 Malles
610 729 643 782 tu
661 717 784 803 quidem
802 703 930 797 inultos,
946 717 1001 780 sed
1017 739 1095 780 meae
1110 737 1261 780 verecun-

239 835 301 900 die
316 835 430 900 suffieit
447 857 526 900 unus
542 848 594 900 aut
610 841 697 916 alter,
711 859 746 902 uc
762 837 867 922 ponus
885 859 981 904 unus.
1025 838 1056 902 ls
1077 837 1139 908 erit
1162 835 1265 900 Voco-

239 957 311 1022 nius
327 958 510 1022 llomauus:
537 971 625 1042 pater
640 960 668 1020 ei
685 959 716 1022 in
738 959 870 1044 equestri
892 959 990 1042 gradu
1012 962 1126 1040 clams,
1152 957 1265 1022 clarior

120 1081 127 1092 '
237 1079 376 1144 vitricus.
422 1079 556 1154 Materia
572 1079 680 1164 primis
696 1079 846 1144 citerioris
862 1079 1040 1164 Hispaniae.
1078 1079 1263 1166 Huucegn,

237 1223 335 1288 quum
360 1201 453 1266 simul
478 1201 685 1281 studeremus,
701 1207 783 1266 arcti·
800 1201 1052 1288 familiariterque
1068 1202 1185 1266 dilexi:
1210 1202 1261 1267 ille

239 1346 329 1390 meus
345 1323 376 1388 in
393 1327 481 1404 urbe,
496 1323 548 1387 ille
564 1324 596 1388 in
612 1347 736 1388 secessu
759 1325 1012 1389 contubernalis:
1036 1345 1109 1388 cum
1129 1325 1192 1388 hoc
1212 1347 1263 1390 se-

238 1445 294 1528 ria,
319 1467 392 1512 cum
414 1445 474 1510 hoe
490 1443 581 1531 jocos
603 1445 725 1510 miscui.
769 1445 854 1516 Quid
877 1447 962 1510 enim
983 1457 1038 1510 aut
1060 1445 1116 1510 illo
1143 1445 1266 1512 fidelius

238 1568 352 1648 amico,
364 1577 419 1632 aut
431 1567 536 1632 sodale
544 1565 737 1653 jucundius?
769 1565 853 1630 Mira
868 1567 899 1630 in
915 1587 1070 1646 sermone,
1080 1565 1160 1630 mira
1171 1567 1267 1631 etiarn

236 1691 271 1756 iu
283 1713 335 1756 ore
346 1691 414 1776 ipso
425 1691 577 1774 vultuque
591 1689 738 1754 suavitas.
772 1689 821 1751 Ad
835 1689 894 1752 boc
908 1687 1073 1772 ingenium
1085 1691 1262 1768 excelsum,

237 1811 366 1892 subtile,
381 1811 483 1890 dulce,
498 1811 600 1890 facile,
612 1811 768 1875 eruditum
785 1811 816 1873 in
832 1810 934 1876 causis
949 1787 1092 1895 agendis.
1130 1810 1264 1896 Episto-

239 1937 284 1998 las
300 1933 426 2020 quidem
443 1932 564 2014 scribit,
591 1941 628 1998 ut
654 1933 765 1998 Musas
786 1931 869 2016 ipsas
891 1931 1005 1998 L'atine
1039 1931 1127 2016 loqui
1148 1931 1267 1998 credes.

237 2057 372 2122 Amatur
397 2057 482 2120 dme
508 2055 691 2140 plurimum,
707 2075 766 2118 nec
790 2065 896 2119 tamen
919 2051 1064 2119 vincitur.
1108 2053 1268 2144 Equidem

236 2175 363 2263 juvenis
379 2179 485 2242 statim
504 2149 629 2261 juvenl,
645 2185 798 2261 quantum
813 2175 904 2261 potui
918 2195 975 2262 per
991 2185 1129 2255 aetatem,
1153 2173 1269 2241 avidis·

238 2299 317 2364 sime.
332 2299 465 2379 contuli,
477 2309 510 2363 et
525 2319 625 2384 nuper
638 2301 677 2362 ab
692 2297 814 2384 optimo
828 2297 971 2384 principe
983 2298 1079 2366 trium
1095 2297 1269 2365 liberemur

241 2417 270 2482 ei
281 2417 335 2506 jus
350 2417 523 2505 impetravi.
567 2420 660 2492 Quod
687 2439 866 2510 quanquam
889 2423 980 2506 parce
996 2428 1027 2482 et
1044 2441 1127 2518 curn,
1141 2420 1266 2485 delectu

241 2541 340 2623 daret,
360 2541 441 2608 milri
453 2553 570 2620 tamen,
585 2552 733 2628 tanquam
749 2541 868 2622 liceret,
883 2541 1027 2608 indulsit.
1072 2543 1155 2606 Haec
1168 2545 1267 2607 bene·

238 2665 310 2728 ficia
324 2685 394 2730 mea
409 2663 489 2730 tueri
509 2665 599 2728 nullo
611 2664 708 2728 modo
722 2663 845 2743 melitis,
870 2667 963 2750 quum
980 2675 1017 2729 ut
1030 2685 1176 2750 augeam,
1191 2687 1268 2754 pos·

242 2807 336 2866 sum3
359 2785 532 2872 praesertim
548 2807 648 2870 quum
668 2785 736 2871 ipse
758 2785 897 2849 illatam
920 2793 1008 2868 grate
1035 2785 1269 2872 interpretetur,

237 2919 274 2974 ut
288 2908 363 2972 dum
377 2907 482 2993 priora
496 2907 622 2992 accipit,
639 2907 812 2992 posteriora
826 2917 990 2974 mereatur.
1029 2909 1140 2975 Habes
1156 2909 1271 2996 qualis,

237 3032 334 3116 quim
348 3030 498 3114 probatus
517 3048 668 3112 carusque
692 3027 732 3090 sit
757 3029 859 3093 nobis.
903 2999 1007 3107 Querir
1029 3043 1118 3112 rogo,
1139 3051 1198 3114 pro
1213 3031 1263 3094 iu·

237 3150 343 3236 genio,
370 3171 426 3235 pro
453 3151 579 3214 lurtunt
606 3152 659 3212 tua
683 3169 825 3214 exornes.
870 3149 907 3214 lu
934 3149 1042 3234 primis
1068 3169 1138 3214 ama
1161 3151 1267 3216 bomi-

236 3295 322 3340 nem.
366 3273 451 3336 Nam
475 3272 549 3336 lieet
568 3271 686 3336 tribuas
700 3272 730 3335 ei
746 3283 898 3356 quantum
915 3273 1144 3356 amplissimum
1167 3285 1264 3360 poter,

236 3396 316 3462 nihil
339 3407 444 3459 tamen
460 3393 594 3478 amplius
617 3401 706 3476 putes
730 3393 864 3456 amicitid
887 3397 963 3458 tul:
991 3389 1081 3478 cujus
1103 3417 1173 3458 esse
1189 3416 1261 3458 eum

176 3506 181 3518 ’
237 3533 336 3600 usque
352 3513 384 3576 in
401 3511 543 3576 intimam
559 3511 799 3576 familiaritatem
816 3531 974 3594 capacem,
999 3533 1062 3596 quo
1085 3517 1187 3597 magis
1202 3513 1263 3578 sci-

236 3655 297 3715 res,
312 3634 445 3698 brccitcr
460 3633 517 3697 tibi
534 3631 647 3711 studia,
663 3653 775 3711 mores,
791 3655 917 3700 omnem
934 3632 1068 3718 denique
1085 3633 1181 3696 vitum
1194 3635 1261 3720 ejus

235 3753 396 3844 expressi„
421 3751 635 3818 Extenderem
650 3771 768 3838 preces,
788 3751 849 3818 nisi
863 3763 896 3820 et
909 3763 945 3819 tu
960 3752 1062 3837 rogari
1074 3753 1129 3819 diu
1144 3757 1257 3835 nolles,
