2738 4502
251 271 313 327 uun
650 253 705 320 Eu
726 249 860 318 L1V10.

238 433 354 513 odisse,
371 439 405 498 et
419 449 533 514 negare
549 429 624 493 urbe
640 425 773 492 tectisve
786 423 1000 509 accipiendos.
1035 425 1142 494 Quum
1158 423 1280 490 conci.

240 557 394 624 tationem
409 553 588 622 animorum
615 549 711 638 lregit
726 551 881 614 adventus
897 547 1065 628 exercilus,
1091 547 1189 613 elium
1214 547 1283 612 ira-

240 680 280 746 lis
297 677 497 746 miserabilis.
541 675 619 740 Non
635 673 722 738 enim
743 683 896 759 tanquam
913 671 946 736 in
960 671 1097 758 petriam
1112 683 1284 737 reverten-

235 801 288 861 tes
303 817 344 860 ex
358 795 517 879 insperato
541 790 728 870 incolumes,
748 788 817 870 sed,
841 797 1006 874 captorum
1029 789 1150 855 habitu
1162 791 1283 854 vultu:

240 941 303 1004 que
322 915 454 1002 ingressi
469 914 540 980 seri
556 913 593 978 in
605 915 729 992 urbem,
756 910 802 976 ila
822 931 856 976 se
878 911 912 978 in
936 911 1002 978 suis
1025 911 1161 998 quimus
1183 911 1283 978 tectis

239 1041 439 1120 abdiderunt,
455 1051 491 1104 ut
513 1045 641 1126 postero
667 1045 761 1122 atque
783 1037 1026 1124 insequentibus
1045 1035 1157 1101 diebus
1184 1057 1282 1100 nemo

239 1183 349 1234 eorum
364 1163 468 1228 sorum
483 1173 539 1228 aut
553 1163 720 1248 publicum
736 1161 896 1246 adspicere
906 1161 1012 1225 vellet.
1057 1159 1218 1224 Consules
1246 1159 1278 1223 in

240 1281 365 1368 privato
382 1283 494 1364 abditi,
510 1281 591 1349 nihil
605 1305 662 1370 pro
678 1283 866 1370 magistratu
886 1303 991 1367 agere,
1018 1279 1080 1347 nisi
1108 1281 1197 1368 quod
1218 1303 1277 1346 ex-

240 1423 384 1490 pressum
399 1407 695 1471 senalus-consulto
709 1415 770 1485 est,
794 1415 830 1470 ut
850 1403 1037 1470 dlemtorern
1052 1401 1197 1468 dicerent
1222 1425 1280 1467 eo·

244 1523 407 1592 mitiorum
422 1529 532 1594 ceusu.

579 1729 930 1773 ...ψ-...-

255 1947 437 2034 Dispululio
458 1947 496 2010 de
515 1945 737 2013 Aunxuunno
762 1943 811 2012 M.
833 1953 863 2009 el
891 1941 1063 2009 nonnus.
1097 1941 1173 2010 Lib.
1202 1941 1263 2008 lx.

664 2071 707 2137 U.
726 2069 762 2136 C.
786 2075 862 2135 435.

245 2251 419 2372 HAUD
441 2291 538 2360 dubie
561 2291 615 2360 illl
632 2301 736 2374 letale,
758 2295 822 2382 qud
846 2293 936 2359 nulle
964 2291 1119 2356 virtutum
1145 2290 1279 2357 feracior

241 2419 314 2499 luit,
336 2441 431 2486 nemo
453 2441 537 2486 unus
561 2431 627 2487 erat
642 2420 698 2502 vir,
721 2441 786 2509 quo
801 2419 903 2506 magis
919 2420 1029 2484 innixa
1054 2441 1102 2498 res
1131 2419 1277 2484 Romans

224 2555 350 2612 staret.
393 2543 482 2616 Quin
504 2562 579 2612 eum
611 2549 759 2632 *parem
787 2545 983 2611 destinlrenl
1012 2543 1128 2609 animis
1154 2544 1279 2632 Magno

241 2667 422 2732 Alexandro
437 2665 562 2748 ducem,
588 2665 615 2732 si
630 2663 726 2748 aima,
741 2665 817 2733 Asia
840 2665 1029 2756 perdomiti,
1053 2666 1087 2731 in
1112 2665 1278 2752 Europum

245 2791 402 2858 vertisset.

285 2913 376 2976 Nihil
400 2912 505 2976 minius
527 2913 698 2999 quaesitum
725 2917 744 2978 i
763 2912 921 3002 principio
935 2913 1032 3000 hujus
1049 2913 1153 3000 operis
1179 2913 1278 2979 videri

241 3047 360 3124 potest,
383 3039 478 3122 quim
502 3051 538 3104 ut
562 3041 634 3124 plus
652 3037 742 3124 justo
766 3041 806 3104 ab
822 3061 926 3104 rerum
944 3039 1054 3105 ordine
1073 3041 1276 3126 declinarem,

237 3161 503 3246 uarietatibusque
534 3161 760 3246 distinguendo
792 3184 899 3248 opere,
921 3173 954 3228 et
977 3163 1162 3250 legentibus
1187 3165 1275 3229 velut

243 3285 429 3352 diverticula
442 3305 581 3366 emoena,
596 3297 629 3350 et
644 3285 786 3372 requiem
798 3285 906 3352 animo
919 3308 991 3354 meo
1006 3309 1201 3376 quaererem:
1225 3298 1274 3352 te-

243 3435 317 3478 nsen
333 3415 414 3480 tanti
429 3413 510 3499 regis
527 3435 563 3478 ac
579 3411 667 3480 ducis
684 3415 816 3498 mentio,
832 3415 947 3502 quibus
963 3439 1048 3503 saepe
1064 3417 1170 3482 tacitis
1186 3417 1275 3503 cogi-

205 3588 207 3593 .
241 3535 416 3602 talionibus
443 3537 595 3606 volutavit
619 3538 773 3620 animum,
796 3561 848 3604 eus
864 3523 975 3604 ciocat
997 3541 1031 3604 in
1051 3541 1215 3622 medium,
1239 3553 1275 3606 ut

241 3681 382 3748 quoerere
403 3663 509 3745 libent,
533 3665 663 3750 quinum
690 3675 823 3734 eventus
851 3665 1004 3732 Romanis
1019 3667 1127 3748 rebus,
1147 3665 1175 3731 si
1200 3689 1273 3732 cum

242 3791 421 3860 Aluuandro
438 3797 519 3862 foret
541 3797 705 3878 bellatum,
728 3797 854 3862 iuturus
884 3795 993 3862 fuerit.
1038 3797 1218 3866 Plurimum
1241 3799 1274 3868 in

555 3969 573 4006 ἥ
589 3969 627 4030 L.
641 3969 794 4048 Papirium
809 3957 966 4032 Cursorem.
1062 4045 1065 4050 .
