2756 4484
440 201 497 272 Eoi
516 201 754 274 CICERONE.
1057 211 1121 276 359
1142 207 1147 220 '

68 377 238 446 cadavere
260 373 401 462 projecte
417 374 567 464 jeceont?
594 377 693 442 Visne
715 389 751 443 tu
774 387 818 458 te,
840 375 938 458 Serti,
960 375 1119 460 cohibere,

68 500 108 566 'et
126 497 330 577 meminisse,
347 499 510 564 hominem
525 511 557 566 te
571 521 638 564 esse
653 503 784 566 netum?
808 499 909 564 Crede
922 500 1012 582 mihi,
1028 501 1120 585 cogi·

65 623 207 689 tatione
222 626 258 685 eb
275 643 341 686 non
362 622 561 688 mediocriter
586 645 658 688 sum
673 622 897 698 confirmatus..
933 619 1009 686 Hoc
1024 621 1119 699 idem,

66 745 99 810 si
117 741 188 808 tibi
206 743 341 822 videtum
356 746 406 808 fec
425 755 498 808 onte
518 747 627 810 oculos
640 743 700 810 tibi
720 763 887 830 proponas.
930 739 1032 807 Modo
1053 761 1118 804 uno

67 878 230 951 tempore
244 875 294 930 tot
308 865 366 930 viri
380 866 544 932 clarissimi
556 866 764 932 interierunt:
785 866 823 930 de
838 863 971 952 imperio
984 875 1118 949 preter-

64 993 107 1056 eb
135 997 234 1054 tonte
248 987 418 1054 diminutio
437 989 521 1054 frete
539 1000 606 1054 est:
633 1009 743 1054 omnes
763 987 934 1074 provincius
956 1003 1115 1071 conques-

65 1121 155 1178 satae
170 1119 262 1176 sunt.
307 1110 346 1175 ln
360 1111 454 1176 unios
470 1111 662 1177 muliercule
680 1111 821 1178 animula
840 1110 869 1176 si
887 1107 1012 1196 jecturs
1033 1113 1117 1174 facts

63 1245 132 1315 est,
166 1241 337 1318 tantopere
364 1231 593 1298 commoveris?
625 1253 697 1317 quae
719 1231 752 1296 si
783 1231 846 1295 hoc
873 1243 1017 1316 tempore
1048 1249 1113 1293 non

64 1357 160 1423 diem
189 1375 286 1418 sunm
310 1355 439 1434 obisset,
458 1353 566 1439 paucis
585 1357 660 1440 pbst
681 1353 773 1418 unnis
795 1363 902 1418 tumen
924 1354 954 1416 si
976 1352 1113 1418 morien-

66 1477 150 1544 dum
169 1475 262 1555 suits
287 1476 438 1561 quonism
453 1477 550 1540 homo
564 1487 638 1540 nete
652 1477 766 1541 bremt.

109 1597 234 1664 Etiam
248 1605 285 1662 tu
300 1597 339 1662 sb
354 1596 443 1662 hisce
457 1598 552 1662 rebus
571 1598 713 1663 animum
728 1617 765 1662 sc
785 1595 1012 1682 cogitationem
1026 1607 1113 1662 tuem

65 1743 184 1802 eroes,
202 1729 304 1805 arque
324 1739 362 1784 es
373 1720 481 1806 potius
495 1719 706 1802 reminiscere,
716 1741 787 1808 quse
802 1719 898 1804 digne
913 1723 1116 1805 tubpersont

65 1855 166 1912 sunt:
196 1842 303 1924 inem,
327 1842 479 1928 quamdiu
501 1843 598 1908 inerit
619 1863 698 1930 opus
722 1844 764 1924 ei,
790 1843 925 1924 vixisse;
949 1847 1014 1908 uni
1037 1863 1111 1908 cunr

63 1963 245 2052 republiet
265 1959 384 2041 iuisser
409 1971 442 2028 te
463 1972 586 2049 patrem
609 1984 715 2042 suum,
730 1973 914 2048 pretorem,
934 1963 1110 2044 consulem,

66 2105 231 2174 augurem
246 2081 362 2150 vidisse
370 2106 382 2164 3
408 2083 662 2170 adolescentibus
675 2082 830 2172 primariis
845 2094 976 2170 nuptum
991 2083 1112 2166 suisse3
1181 2056 1188 2072 Ι

70 2211 229 2276 omnibus
242 2204 335 2274 bonis
348 2213 447 2294 prope
461 2208 662 2294 peffunmcm
676 2229 746 2276 esse
754 2233 765 2289 ;
780 2210 855 2274 ebm
865 2209 1043 2296 respublica
1057 2229 1114 2274 oc-

70 2329 290 2414 cicactrice
303 2329 485 2398 excessisse.
512 2331 617 2404 -Quiu
637 2343 699 2412 est,
717 2332 803 2418 qnod
816 2341 865 2411 tu,
880 2344 935 2397 eut
955 2331 1020 2414 ills,
1037 2353 1112 2398 cunr

72 2458 211 2524 fortune
224 2452 287 2518 boc
301 2451 432 2516 nomine
446 2451 536 2536 queri
550 2451 703 2536 possitis?

110 2575 269 2660 Denique
295 2572 413 2654 nolite
435 2573 579 2640 oblivisci
602 2573 788 2656 Ciceronem
806 2595 886 2655 esse,
907 2585 940 2640 ct
955 2597 1039 2656 eum,
1054 2579 1109 2663 qui

65 2702 136 2768 aliis
161 2695 329 2766 consueris
352 2695 521 2782 precipere
542 2706 575 2760 et
598 2697 671 2762 dere
693 2696 881 2774 consilium3
894 2721 1009 2809 Xneque
1032 2698 1106 2764 imi-

66 2832 133 2886 tare
146 2820 252 2886 malos
263 2814 416 2895 medicos,
430 2813 532 2900 quiin
542 2815 653 2881 alienis
666 2817 784 2882 morbis
797 2803 986 2905 profitentur
998 2832 1107 2888 tenere

66 2965 102 3004 se
124 2938 295 3006 medicine
318 2935 494 3016 scientiam,
517 2937 578 3022 ipsi
601 2959 634 3002 se
658 2957 766 3004 curare
784 2953 853 3004 'non
874 2952 1027 3024 possunt:
1052 2943 1108 3008 sed

65 3064 187 3148 potius,
203 3081 278 3148 quae
293 3059 363 3124 aliis
377 3069 447 3126 tute
461 3059 631 3146 precipere
646 3062 741 3140 soles,
763 3079 800 3135 es
815 3071 883 3128 tute
898 3063 956 3128 tibi
972 3063 1105 3151 subjice,

67 3195 164 3269 atque
189 3181 277 3269 apud
302 3181 444 3250 enimurn
469 3203 624 3268 propone.
668 3183 788 3248 Nullus
812 3184 901 3248 dolor
926 3195 985 3266 est,
1011 3207 1107 3270 quem

68 3329 135 3372 non
162 3304 381 3390 longinquitas
406 3303 557 3390 temporis
581 3304 703 3370 minuat
732 3328 769 3370 ec
795 3306 927 3372 molliet.
972 3308 1047 3373 Hoc
1074 3319 1106 3374 te

67 3439 254 3515 exspectare
279 3439 416 3514 tempus,
441 3427 501 3494 tibi
522 3439 613 3514 turpe
635 3438 694 3509 est,
718 3451 754 3494 ac
769 3451 834 3494 non
849 3430 878 3493 ei
893 3431 938 3494 rei
954 3432 1106 3518 supientia

70 3555 126 3614 tub
143 3562 177 3616 te
193 3573 371 3616 occurrere.

111 3674 210 3743 Quod
235 3675 260 3738 si
277 3674 347 3762 quis
369 3675 463 3740 etiarn
486 3674 592 3739 inferis
608 3697 717 3740 sensus
737 3685 806 3756 cst3
834 3675 890 3760 qui
911 3675 995 3740 illius
1020 3679 1053 3742 in
1074 3691 1106 3743 te

69 3797 245 3878 ammisit,
258 3798 420 3886 pietasque
435 3798 466 3864 in
484 3819 595 3864 omnes
611 3819 696 3876 suos,
711 3799 773 3862 hoc
788 3804 872 3862 certe
889 3799 941 3863 illa
957 3813 988 3864 te
1006 3803 1106 3866 soccre
