2756 4484
238 196 302 258 sm
511 271 515 284 ‚
637 188 866 256 sermone

321 462 576 526 Anoommuu
598 460 711 530 Erisr.
726 462 819 538 xxt
841 461 913 536 Lib.
928 461 1017 528 xvi.
1032 463 1072 528 ad
1086 461 1194 532 ΕΔΜ.

252 647 486 732 Propanimtem
501 647 605 728 aeaut,
624 649 813 734 studiumque
827 650 871 712 nd
891 649 1031 712 virtutem
1044 649 1219 735 significat:
1243 663 1275 714 et

521 767 559 832 de
569 767 686 859 predio
700 775 799 852 empto
811 767 1002 854 gratulatur.

377 951 415 1016 C.
438 951 518 1017 Flu.
540 950 699 1018 T1u0N1
722 953 792 1018 sno
814 953 977 1022 Duucrss.
1000 955 1035 1024 S.
1050 953 1087 1018 P.
1100 953 1147 1022 D.

247 1079 377 1200 CUM
400 1133 601 1200 vehementer
625 1135 803 1200 tabellarios
819 1145 1031 1222 exspectarem
1048 1135 1202 1222 quotidie,
1219 1137 1276 1201 ati-

246 1247 373 1332 quando
393 1257 546 1312 venerunt
563 1257 636 1332 post
649 1247 732 1312 diem
754 1267 802 1314 xa
824 1257 915 1312 atvs
939 1251 1034 1334 quam
1056 1251 1074 1311 a
1096 1248 1191 1313 vobis
1213 1249 1278 1311 dis-

245 1379 426 1434 cesserant:
457 1391 592 1456 quorum
621 1369 700 1435 mihi
730 1369 793 1436 ruis
822 1371 975 1436 adventus
1005 1371 1277 1456 adoptatissimus.

247 1491 332 1558 Nam
355 1495 429 1566 chan
444 1491 610 1557 maximam
627 1492 779 1578 cepissem
793 1493 937 1559 laetitiam
954 1515 994 1556 ex
1009 1493 1231 1560 humanissimi
1246 1507 1280 1560 et

248 1612 399 1680 carissimi
411 1613 507 1700 patris
520 1613 664 1700 epistola,
679 1623 746 1678 tunr
760 1615 833 1678 vert
846 1611 1088 1698 jucundissimae
1101 1624 1167 1679 tuae
1179 1613 1281 1679 literae
1372 1603 1373 1606 ¹

248 1739 409 1804 cumulum
437 1735 514 1800 mihi
544 1735 650 1820 gaudii
674 1739 859 1802 atmlernnt.
902 1735 1013 1822 Itaque
1041 1757 1092 1800 me
1109 1733 1179 1832 jam
1215 1759 1281 1806 uon

247 1858 425 1944 praenitebat
455 1857 720 1945 intercapedinem
747 1857 905 1924 scribendi
932 1857 1065 1938 fecissen
1091 1857 1147 1922 sed
1174 1859 1282 1948 potihs

246 1979 394 2056 laetabar:
412 1979 550 2042 fructum
563 1977 648 2046 enim
662 1999 813 2064 magnum
823 1977 1027 2044 humanitatis
1040 1987 1105 2042 tuae
1114 1977 1280 2066 capiebam

251 2119 291 2164 ex
306 2097 433 2168 silentio
448 2119 588 2164 mearum
605 2099 775 2196 literarum.
813 2099 1025 2172 Vehementer
1039 2097 1137 2184 igitur
1148 2101 1287 2185 garuieo,

244 2231 394 2286 tamem
408 2221 477 2286 sine
491 2221 685 2288 dubitatione
700 2222 858 2308 accepisse
878 2221 1126 2288 excusationem.
1164 2223 1283 2289 Gratas
1372 2269 1373 2318 p

245 2323 306 2410 tihi
326 2353 513 2428 optatosque
537 2361 616 2424 esse,
635 2343 746 2429 quide
768 2365 820 2410 me
841 2365 982 2410 rumores
1001 2345 1188 2426 afferuntur,
1212 2367 1280 2410 non

249 2465 372 2546 dubito,
387 2468 432 2530 rut
454 2461 636 2532 dulcissime
648 2465 747 2534 Tiro:
769 2467 1002 2553 praestaboque,
1016 2475 1049 2532 et
1063 2465 1178 2545 enitar,
1194 2478 1231 2532 ut
1247 2468 1280 2532 in
1372 2503 1373 2508 κ

250 2589 319 2656 dies
334 2591 434 2674 magis
447 2591 611 2674 magisque
623 2589 692 2656 hae
704 2607 837 2654 nascens
852 2589 890 2652 de
902 2607 953 2654 me
966 2587 1146 2674 duplicetur
1160 2587 1284 2676 opinio.

247 2711 354 2782 Quare
367 2710 453 2798 quod
466 2709 623 2796 polliceris
639 2719 671 2774 te
684 2709 921 2778 buccinatorem
947 2713 1014 2774 tore
1039 2709 1284 2780 existimationis
1372 2677 1373 2700 Χ

247 2853 339 2912 mee,
354 2831 446 2898 firmo
467 2831 497 2898 id
517 2831 740 2918 constantique
762 2830 867 2902 animo
887 2831 983 2897 facias
1006 2831 1094 2900 licet.
1137 2831 1281 2900 Taunus

247 2953 333 3022 enim
357 2953 436 3023 mihi
451 2954 592 3028 dolorem
608 2954 844 3042 cruciatumque
859 2957 1034 3025 attuierunt
1058 2963 1159 3029 errata
1173 2955 1281 3027 atatis

247 3097 340 3159 meae,
364 3087 481 3148 utnon
505 3081 610 3154 coliem
625 3077 750 3144 animus
764 3081 783 3142 a
797 3078 900 3158 factis,
926 3079 980 3146 sed
998 3099 1087 3150 aures
1108 3101 1235 3165 quoque
1262 3082 1282 3147 it

246 3197 544 3280 commemoratione
570 3201 769 3280 abhorreant.
813 3197 913 3288 Cujus
943 3211 974 3270 te
1004 3201 1217 3272 solicitudinis
1244 3211 1279 3266 et

244 3323 362 3400 doloris
377 3321 561 3410 participem
576 3321 685 3402 fuisse,
702 3329 813 3396 notram
833 3323 1093 3406 exploratumque
1108 3329 1157 3386 est
1174 3319 1278 3401 mihi;

247 3465 306 3520 nec
320 3447 352 3510 id
367 3445 493 3510 mirum.
537 3443 622 3510 Nam
647 3447 720 3526 cim
744 3443 850 3510 omnia
874 3449 944 3516 ruet
968 3447 1060 3522 causa
1082 3445 1177 3508 relies
1198 3443 1280 3520 mihi

247 3587 402 3646 successa,
418 3577 486 3632 turn
502 3567 596 3644 etiam
612 3571 677 3630 tuh.
722 3565 851 3632 Sociusn
872 3565 958 3630 enim
981 3577 1012 3630 tc
1031 3585 1173 3630 meorum
1188 3585 1277 3628 com-

246 3689 410 3774 modorum
426 3711 549 3778 semper·
564 3711 632 3764 esse
646 3689 744 3764 volui.
787 3687 882 3764 Qubd
902 3687 1000 3786 igitur
1014 3690 1083 3766 tam
1098 3708 1137 3754 ea
1153 3706 1202 3764 mc
1218 3688 1274 3752 du·
