2804 4524
250 315 302 374 se
606 307 660 370 m
681 305 730 371 M.
752 291 918 371 rutulo

250 480 320 547 hec
334 499 385 543 me
400 499 475 543 cura
489 477 649 559 sollicitet,
673 490 709 544 et
732 480 876 546 Atticum
890 479 978 544 hune
992 499 1127 559 mecum,
1151 477 1274 545 soeium

248 601 389 687 ejusdem
405 613 437 666 et
451 601 565 666 amoris
582 611 614 666 et
629 599 753 686 judicii.
798 603 873 666 Tibi
897 603 1049 682 iuvemus,
1075 612 1107 667 te
1129 606 1185 666 tua
1211 601 1286 666 frui.

249 724 364 790 virtute
379 725 547 818 cupimus:
571 723 628 788 tibi
654 735 799 808 optamus
816 747 883 788 eam
898 727 1139 810 rempublicam,
1162 725 1195 787 in
1211 731 1276 811 qud

214 857 218 870 '
247 849 380 914 duorum
393 869 543 931 generum
564 847 829 932 amplissimorum
852 871 998 913 renovare
1013 847 1209 928 memoriam,
1225 859 1276 911 at-

247 993 317 1057 que·
332 993 445 1053 augere
470 970 583 1056 possis.
627 971 734 1034 Tuum
751 971 837 1034 enim
853 971 968 1050 iorum,
995 981 1087 1036 tuum
1114 981 1178 1036 erat
1193 968 1274 1034 illud

246 1093 460 1170 curriculum3
483 1103 519 1156 tu
534 1091 611 1156 illuc
623 1113 751 1155 veneras
767 1113 862 1169 unus,
886 1090 940 1174 qui
962 1111 1026 1152 non
1043 1089 1183 1173 linguam
1200 1108 1273 1153 roo-¹

246 1215 287 1278 db
299 1215 436 1279 acuisses
449 1198 670 1278 exercitatione
686 1213 821 1292 dicendi,
835 1214 933 1278 sedet
946 1212 1045 1298 ipsam
1058 1213 1274 1296 eloquentiam

244 1337 498 1424 locupletavisses
520 1339 697 1420 graviorum
719 1337 832 1402 artium
857 1337 1079 1415 instrumente,
1103 1345 1135 1400 et
1159 1334 1274 1399 iisdem

243 1461 361 1526 artibus
373 1463 469 1526 decus
491 1483 586 1524 omne
598 1459 723 1524 virtutis
746 1481 819 1524 cum
831 1465 954 1524 summi
967 1457 1155 1543 eloquentiae
1178 1455 1274 1522 laude

240 1583 412 1671 junxisses.
435 1583 486 1648 Ex
496 1595 527 1648 te
537 1583 655 1668 duplex
667 1605 724 1646 nos
739 1582 834 1647 afficit
845 1581 1025 1646 sollicitudo
1038 1606 1047 1662 ;
1064 1581 1149 1666 qubd
1160 1593 1192 1646 et
1204 1581 1275 1666 ipse

244 1707 407 1795 republica
425 1727 540 1783 careas,
553 1715 584 1767 et
603 1705 655 1768 illa
670 1715 713 1767 te.
757 1703 809 1764 Tu
824 1713 929 1767 tomen
948 1703 1019 1785 (etsi
1035 1724 1163 1766 cursum
1178 1702 1276 1786 inge·,

243 1831 288 1894 nii
303 1829 362 1906 tui,
379 1829 489 1902 Brute,
505 1825 619 1910 premit
633 1825 702 1888 haec
716 1825 896 1909 importuna
909 1823 1011 1888 clades
1024 1825 1170 1907 civitatis)
1191 1845 1271 1890 con·

244 1952 310 2016 tine
334 1961 364 2014 te
388 1950 422 2013 in
449 1949 512 2012 tuis
526 1947 717 2032 perennibus
733 1946 857 2026 studiis,
879 1958 912 2012 et
927 1949 1014 2012 effice
1029 1948 1071 2028 id,
1098 1949 1183 2033 quod
1203 1947 1272 2035 jam
1384 1977 1388 1986 ·

243 2073 483 2161 propemodum,
511 2074 559 2134 vel
583 2073 676 2156 plane
699 2071 805 2155 potius
822 2071 977 2151 effeceras,
995 2081 1030 2136 ut
1045 2082 1077 2136 te
1093 2071 1205 2156 eripias
1230 2093 1270 2138 ex

242 2205 289 2278 eb,
304 2219 399 2282 quam
412 2217 473 2280 ego
488 2194 633 2278 congessi
647 2193 680 2256 in
696 2195 781 2259 bunc
795 2213 986 2274 sermonem,
1007 2197 1100 2260 turbt
1121 2206 1270 2280 patrono-

240 2343 322 2386 rum.
364 2319 435 2384 Nee
464 2317 550 2382 enim
578 2317 669 2380 decet
695 2327 738 2396 te,
765 2327 912 2380 ornatum
939 2316 1105 2380 uberrimis
1131 2316 1265 2400 artibus,

242 2449 347 2530 (quas,
361 2445 433 2507 cino
446 2442 541 2506 domo
555 2439 679 2504 haurire
694 2461 758 2502 non
771 2461 892 2524 posses,
918 2439 1105 2516 arcessivisti
1128 2462 1167 2505 ex
1190 2444 1268 2506 urbe

239 2573 289 2648 ei,
315 2590 388 2654 quae
402 2567 515 2630 domus
537 2573 586 2628 est
600 2585 722 2648 semper
736 2564 843 2628 habita
858 2563 1021 2646 doetrinae)
1051 2563 1206 2629 numerari
1232 2565 1267 2628 in

242 2693 338 2777 vulgo
350 2700 566 2778 patronorum.

669 2872 841 2936 ..ψ-

346 3077 518 3150 Puomu.
539 3077 622 3149 Lib.
641 3075 686 3148 de
707 3075 927 3149 Psnrscro
946 3079 1157 3154 Onrronn.

239 3274 291 3338 De
304 3285 429 3336 srnnmoe
442 3265 643 3352 absolutaque
652 3263 843 3349 perjectionis
856 3263 965 3348 formet
985 3278 1013 3332 ct
1032 3271 1150 3353 specie3
1173 3261 1265 3356 qudm

284 3397 340 3458 etsi
354 3391 436 3458 nullo
460 3410 549 3454 sensu
571 3390 764 3473 percipimus,
791 3391 972 3475 cogitatione
985 3403 1086 3460 tomen
1110 3396 1266 3480 complecti

277 3533 448 3598 possumus.

238 3649 435 3770 UTRUM
459 3693 626 3774 difficilius,
650 3705 704 3758 aut
719 3691 821 3782 majus
836 3707 919 3761 esset
935 3719 1048 3782 negare
1063 3696 1132 3776 tibi,
1148 3701 1264 3786 saepibs

238 3817 321 3904 idem
336 3820 472 3904 roganti,
488 3843 528 3884 an
545 3821 666 3884 efficere
679 3819 720 3901 id,
733 3821 819 3905 quod
834 3841 968 3906 rogares,
983 3821 1036 3885 diu
1052 3805 1263 3910 multumqire‚

237 3941 347 4023 Brute,
362 3942 515 4007 dubitavi.
549 3943 634 4007 Nam
646 3913 678 4008 'et
690 3963 803 4027 negare
815 3941 856 4024 ei,
869 3965 963 4028 quem
979 3939 1072 4008 unice
1084 3943 1260 4030 diligerem,
