2724 4494
273 253 337 312 806
615 241 668 310 Er
690 239 740 306 M.
762 237 957 308 vulnero

277 415 361 484 iuter
382 413 569 482 solitudines
591 414 687 494 avias,
711 413 919 500 interemptus
940 425 999 480 est.
1043 413 1237 480 labienum
1259 413 1317 476 ἵει·
1348 475 1349 494 χ

273 553 407 620 rumque
422 535 504 600 acies
520 535 663 602 abstulit.

317 651 424 724 Cesar
438 655 582 725 omnium
598 655 709 736 victor,
723 677 882 744 regressus
897 655 930 728 iu
944 657 1056 726 urbem
1073 655 1177 742 (quod
1192 655 1317 722 num-

274 803 348 848 naru
362 781 492 848 excedat
504 779 789 862 fidem).omnibus,
804 780 860 868 qui
875 789 985 848 contra
999 801 1034 846 se
1049 801 1140 846 arma
1155 785 1315 860 tulerant,
1347 769 1349 890 l

272 905 404 990 ignovit.
449 905 563 991 Neque
587 915 695 969 tamen
718 903 766 968 illl
793 914 884 969 tento
907 904 987 986 viro,
1002 915 1035 970 et
1049 914 1115 970 mm
1129 909 1317 972 clementer

273 1029 421 1100 omnibus
438 1029 576 1096 victoriis
592 1029 658 1098 suis
675 1051 745 1110 uso,
758 1033 831 1118 pltut
846 1031 988 1118 quinque
1004 1031 1167 1096 meusium
1187 1033 1314 1118 princi-

271 1153 351 1238 palis
367 1153 455 1239 quies
471 1153 617 1238 contigit.
660 1155 789 1242 Quippe
805 1159 878 1222 cum
894 1177 1002 1222 meuse
1017 1153 1155 1220 Octobri
1192 1156 1235 1220 in
1263 1179 1311 1220 ur·

273 1277 346 1342 bem
368 1277 560 1356 revertisset,
576 1277 685 1344 ldibus
712 1277 849 1360 Martiis,
870 1277 1096 1365 conjurationis
1119 1281 1309 1344 auctoribus

268 1399 371 1476 Bruto
396 1411 428 1466 et
452 1401 561 1466 Cassio
591 1405 737 1486 (quorum
764 1404 898 1468 alterum
919 1401 1135 1488 promittendo
1150 1405 1306 1468 consula-

271 1535 340 1588 tum
351 1543 416 1588 non
430 1523 632 1606 obligaverat,
647 1526 756 1588 coutrl
768 1523 943 1588 differendo
953 1521 1099 1586 Cassium
1108 1523 1300 1597 offendero,

271 1645 401 1732 adjectis
416 1645 509 1712 etiarn
522 1645 707 1712 consiliariis
720 1645 815 1712 caedis
831 1644 1079 1710 familiarissimis
1092 1645 1265 1726 omnium,
1278 1667 1301 1708 e·

270 1773 397 1838 fortuna
419 1773 556 1858 partium
580 1771 648 1858 ejus
673 1773 706 1839 in
732 1793 894 1836 summum
917 1769 1033 1834 evectis
1056 1772 1244 1856 fastigium,
1269 1776 1304 1839 D.

269 1893 374 1962 Bruto
388 1905 421 1958 et
441 1895 479 1960 C.
502 1895 678 1974 Trebonio,
702 1895 833 1980 aliisque
855 1894 930 1958 clari
944 1893 1080 1958 nominis
1099 1895 1191 1976 rrius,
1210 1899 1304 1962 inter·

267 2027 393 2101 emptus
417 2027 477 2082 est.
522 2017 582 2082 Cui
609 2041 756 2102 maguam
776 2016 924 2082 invidiam
950 2017 1134 2083 concilllrat
1157 2019 1212 2086 M.
1232 2025 1300 2085 Au-

266 2139 384 2218 touius,
394 2141 542 2224 omuibus
556 2139 707 2206 audendis
718 2139 944 2226 paratissimus,
957 2143 1143 2206 consutatos
1159 2145 1299 2228 collega.

264 2261 458 2346 imponendo
481 2261 577 2346 capiti
600 2259 667 2346 ejus
692 2261 922 2345 Lupercalibus
945 2261 1084 2327 sedentis
1105 2285 1163 2348 pro
1190 2267 1299 2330 rostris

268 2385 393 2470 insigne
408 2383 550 2469 regium,
574 2384 659 2468 quud
672 2385 710 2448 ab
728 2405 765 2448 co
782 2383 825 2448 ita
838 2387 1004 2476 repulsum
1021 2396 1099 2466 erat,
1115 2397 1238 2454 utnon
1253 2393 1296 2452 ul·
1347 2461 1348 2466 ἵ

267 2511 376 2576 sensus
392 2509 559 2574 videretur.
855 2585 857 2588 Ι

308 2633 517 2700 Laudandus
533 2631 725 2717 experientil
738 2631 905 2696 consilium
922 2649 971 2696 est
984 2613 1094 2696 Pitnsae
1108 2643 1206 2718 atque
1223 2635 1294 2700 Hir·

264 2758 322 2838 tii;
345 2759 400 2844 qui
415 2779 538 2841 semper
552 2757 761 2840 predixerant
781 2755 909 2834 Caesari,
925 2765 957 2818 ret
974 2756 1181 2838 principatum
1205 2759 1295 2822 anan

264 2881 423 2962 quesitum
437 2881 530 2942 aratris
545 2889 669 2942 terreret.
693 2879 749 2940 llle
762 2875 920 2956 dictitans,
937 2878 1014 2942 mori
1027 2899 1060 2942 se
1079 2879 1173 2962 qubus
1197 2881 1293 2944 timeri

259 2999 364 3078 malle,
387 2999 463 3064 dum
480 3001 694 3078 clementium,
711 3021 805 3082 quam
821 2998 1022 3083 prestiterat,
1046 3011 1228 3086 exspectat,
1247 3004 1291 3064 iu-

265 3133 377 3194 cautus
402 3123 440 3186 ab
465 3122 595 3206 ingratis
611 3135 784 3207 occupatus
811 3133 882 3186 est:
906 3124 980 3186 curu
1002 3121 1133 3206 quidem
1160 3125 1292 3206 plurima

262 3247 417 3338 praesagia
431 3257 523 3330 atquc
543 3244 660 3310 indicio
684 3245 737 3310 Dii
759 3245 951 3308 immortales
975 3243 1074 3310 futuri
1101 3247 1287 3310 obtulissent
1345 3243 1346 3325 ζ

263 3372 406 3460 periculi.
432 3372 515 3436 Nam
530 3381 562 3432 et
575 3367 756 3454 haruspices
769 3380 1038 3454 praemouueraut,
1050 3379 1085 3434 ut
1100 3369 1290 3456 diligentissi-

207 3535 216 3544 ν
261 3503 310 3562 rue
323 3499 432 3562 lelaruu
447 3495 632 3559 Martiarum
646 3501 764 3556 caueret
780 3495 880 3568 dietu5
899 3502 931 3558 et
945 3515 1023 3558 uxor
1033 3493 1220 3580 Calpurnia,
1230 3509 1287 3558 ter-

262 3617 322 3684 rita
336 3631 491 3694 nocturno
510 3616 589 3696 visu,
603 3627 635 3678 ut
648 3619 684 3680 ed
700 3617 748 3678 die
762 3616 845 3678 douu'
859 3615 1041 3692 subsisteret,
1056 3617 1188 3680 orabat:
1210 3631 1240 3678 et
1254 3615 1286 3678 li·
1344 3595 1345 3600 ἵ

261 3741 349 3819 belli,
365 3739 615 3825 conjurationem
631 3737 827 3816 nummulos,
843 3735 918 3814 dati,
931 3737 970 3800 ab
983 3755 1021 3820 oo
1034 3757 1140 3822 neque
1154 3739 1287 3824 protinus
