2724 4494
225 217 289 279 29⁰
564 209 618 276 Ee
639 211 677 276 M
713 211 907 279 vestuto

269 383 369 448 Hune
384 383 533 462 Gracchi,
554 383 590 450 P.
605 385 761 474 Scipionis
777 385 919 451 Africani
941 395 1089 476 nepotes,
1103 385 1176 448 virt
1199 387 1262 453 au-

227 493 291 570 lrnc
301 519 399 572 matre
410 507 566 588 Cornelis,
576 508 716 575 Africani
728 509 803 590 filio,
816 509 873 574 viri
886 509 1015 598 optimis
1028 507 1169 593 ingeniis
1177 509 1270 574 mele

226 623 288 703 usi,
303 621 377 689 vite
392 623 564 708 mortisque
580 623 716 688 habuere
732 625 872 690 exitum:
898 625 952 710 qui
968 625 996 690 si
1008 625 1135 689 ciuilem
1152 624 1268 712 digni-

229 745 304 810 tntis
317 743 541 830 concupissent
557 745 698 823 modum,
719 743 873 830 quidquid
891 745 1119 818 tumultuando
1134 745 1272 832 adipisci

231 867 417 952 gestierunt,
434 865 549 952 quietis
563 867 731 931 obtulisset
748 867 936 956 respublica.

430 1111 619 1178 Jueunrne
636 1123 666 1180 et
681 1113 838 1180 litemus.
884 1115 925 1180 U.
943 1113 977 1180 C.
995 1117 1069 1190 647.

278 1284 411 1350 Juvenis
434 1285 537 1352 adhuc
558 1284 728 1372 Jugurths,
745 1309 781 1352 ec
809 1287 944 1368 literius,
967 1289 1028 1352 sub
1044 1287 1156 1352 eodem
1183 1287 1273 1352 Atri-

235 1427 316 1472 enno
342 1405 526 1488 militantes,
549 1407 582 1472 in
599 1407 709 1475 iisdem
726 1409 834 1472 cestris
849 1395 996 1488 ‹tiuic‘ere‚
1019 1431 1090 1496 quae
1105 1419 1225 1494 postes
1238 1409 1271 1472 in

234 1505 398 1598 contortis
413 1531 566 1596 fecerent.

276 1651 404 1716 Bellum
427 1651 540 1717 deinde
561 1641 795 1735 iugurthinum
818 1642 944 1736 gestum
959 1659 1008 1715 est
1022 1671 1078 1736 per
1091 1649 1133 1718 Q.
1149 1649 1276 1716 Metel·

235 1777 314 1854 lum,
330 1775 410 1838 nulli
435 1774 608 1840 secundum
636 1773 747 1838 soeculi
773 1773 834 1838 sui.
880 1771 990 1859 Hujus
1008 1775 1130 1858 legatus
1152 1773 1222 1839 tuit
1235 1775 1274 1838 C.

235 1895 371 1975 Marius,
387 1913 482 1978 quem
500 1893 717 1978 prediximus,
740 1905 834 1958 nutus
850 1893 989 1980 equestri
1004 1895 1085 1974 loco,
1100 1891 1209 1957 hirtus
1226 1905 1274 1958 nt-

235 2021 297 2106 q'ue
314 2017 471 2098 horridus,
495 2017 622 2104 viteque
650 2029 803 2100 sanetus3
827 2029 982 2105 quantum
1007 2017 1093 2082 bello
1116 2015 1274 2104 optimus,

236 2149 362 2208 tentum
377 2163 454 2226 poce
464 2139 641 2226 pessimus3
657 2140 845 2206 immodicus
857 2143 978 2228 glutire,
991 2140 1189 2222 insatiabilis,
1204 2141 1271 2208 im·

238 2259 364 2352 potens,
388 2285 575 2349 semperque
592 2263 768 2349 inquietus.
806 2265 886 2347 Hic,
905 2287 961 2352 per
974 2265 1159 2352 publicanos
1174 2263 1277 2330 elios-

238 2413 300 2489 que
315 2387 348 2454 in
363 2387 472 2454 Africis
487 2388 700 2474 negotiantes,
717 2361 901 2456 criminatus
915 2388 1036 2455 Metelli
1052 2389 1276 2470 lentitudinem,

238 2509 462 2598 t'rnlmetisjum
475 2512 507 2576 iu
519 2511 640 2576 tertium
655 2533 768 2576 ocenum
783 2513 902 2592 bellom,
924 2521 955 2576 et
977 2509 1148 2578 naturalem
1162 2513 1274 2577 nobili-

238 2637 313 2704 totis
326 2637 509 2721 superbiam,
523 2637 721 2724 tremendique
737 2629 769 2702 in
782 2617 915 2720 imperiis
928 2637 1137 2720 cupiditatem,
1153 2635 1274 2712 effecit,

238 2747 276 2826 ul
291 2761 366 2826 cum
375 2771 554 2836 commeatu
571 2759 673 2846 petito
690 2761 825 2824 Rornarn
841 2757 990 2839 venisset,
1007 2759 1081 2824 Cos.
1098 2771 1272 2838 crearetur,

239 2869 378 2968 bellique
401 2889 482 2967 peut
508 2883 622 2967 patrati
644 2887 662 2946 is
684 2873 832 2960 Metello,
856 2861 979 2968 quibis
994 2879 1188 2966 sagunnam
1203 2881 1272 2947 scie

239 2994 374 3084 suderat,
391 3027 515 3069 summo
529 3005 780 3071 committeretur
793 3005 864 3068 eibi.
900 3005 1024 3069 Metelli
1041 3015 1148 3070 temen
1164 3017 1198 3071 et
1213 3007 1271 3072 tri-

239 3129 378 3216 umphus
401 3127 462 3192 luit
488 3125 690 3206 clarissimus,
718 3138 749 3190 et
766 3125 937 3207 rneritum3
960 3127 1133 3214 virtutique
1148 3149 1270 3215 eogno-

238 3277 314 3322 men
331 3251 486 3320 Numidici
501 3249 648 3316 inditum.
845 3237 849 3244 ¹

472 3497 519 3560 Μ.
537 3497 659 3560 Lrvrus
676 3495 830 3560 Densus.
867 3497 908 3561 U.
928 3497 962 3561 (ἶ
986 3501 1060 3562 orm.
1165 3579 1175 3596 ι.

267 3669 423 3747 Deinde,
446 3667 618 3754 interjectis
640 3669 746 3752 paucis
774 3671 877 3748 nonis,
903 3671 1100 3735 tribunatum
1127 3671 1201 3738 iniit
1222 3673 1270 3736 M.

242 3791 352 3860 Livius
367 3791 502 3870 Drusus,
525 3791 571 3854 sir
587 3791 815 3870 nobilissimus,
832 3791 1123 3876 eloquentissimus,
1136 3793 1270 3860 sanctis-

243 3917 357 3996 simus;
375 3913 501 3979 meliore
518 3915 548 3978 iu
565 3915 670 3978 uruuiu
686 3915 814 3998 iugenio
830 3915 1009 4002 animoque,
1023 3921 1117 4002 quiun
1136 3919 1271 3994 fortuni,
