2738 4502
450 203 454 216 ⁸
511 255 565 328 Ee
583 229 715 330 tillo.
1056 275 1128 352 ‚sos

97 427 250 500 Pedestre
265 439 394 496 sentum
407 431 506 518 capit,
519 433 666 522 Hispano
676 433 815 522 cingitur
822 435 942 520 gladio,
951 433 991 502 od
1001 440 1128 526 propiu-

96 579 166 626 rsm
187 557 291 627 habili
314 577 468 644 pugnem.
511 559 678 626 armatum
703 563 953 650 adornatumque
979 563 1125 644 sdversus

94 669 227 746 Gallum
237 681 350 746 stolide
363 683 487 763 lotum,
497 692 530 748 et
543 683 706 770 (quoniam
715 685 749 750 id
757 706 883 770 quoque
895 687 1045 755 memorii
1054 687 1123 772 dig·

93 825 175 870 num
189 803 330 890 antiquis
351 803 453 870 vuum
476 806 538 888 est)
556 806 698 892 linguam
714 808 818 877 esiam
830 810 870 874 ab
885 808 977 874 irrisu
993 829 1123 898 ereren

91 936 175 1008 tem,
188 927 380 1012 producunt.
418 925 591 1012 Recipiunt
613 927 687 995 inde
701 949 736 996 se
750 928 790 994 ud
804 927 970 996 stationem
984 954 994 1008 ς
1017 940 1049 994 et
1060 927 1125 999 duc
1240 981 1243 994 .

95 1045 133 1114 in
156 1048 260 1115 modio
276 1047 399 1130 omui,
415 1049 587 1136 spectaculi
602 1048 704 1136 magis
719 1069 810 1136 more¹
820 1055 918 1137 quam
944 1053 1013 1136 lege
1035 1051 1126 1136 belli,

90 1171 326 1252 destituuntur,
341 1191 542 1259 nequaqnam
557 1173 628 1238 visu
642 1193 679 1238 sc
693 1173 797 1260 specie
812 1175 1043 1260 estimantibus
1064 1197 1121 1262 pas

90 1317 154 1358 res.
177 1292 302 1380 Corpus
317 1295 406 1360 alteri
423 1293 643 1398 magnitudine
655 1293 819 1376 eximium,
830 1296 1009 1362 vusmolcri
1021 1303 1122 1384 scen,

92 1425 250 1512 pictisque
264 1436 297 1491 ct
312 1448 389 1492 auro
402 1425 521 1492 caelatis
541 1427 701 1510 refulgens
715 1427 830 1490 armis:
854 1425 957 1490 media
972 1426 1005 1490 in
1020 1427 1119 1492 altero
1160 1411 1180 1443 '¹

91 1547 238 1616 militaris
250 1557 382 1628 statura,
393 1546 580 1631 modicaque
591 1547 625 1610 in
641 1543 735 1610 armis
746 1543 904 1610 habilibus
915 1545 1014 1630 magis
1023 1551 1138 1631 quim*
1226 1539 1242 1557 ''

92 1668 216 1734 decoris
232 1667 364 1753 species.
402 1668 478 1732 Non
494 1679 618 1748 cantus,
638 1687 703 1730 non
725 1667 877 1732 exultatio
901 1686 1121 1762 armorumque

91 1785 225 1874 agitatio
239 1787 328 1869 varta,¹
339 1786 394 1852 s'cd
404 1794 529 1873 pectus,
539 1787 718 1854 animorum
729 1783 847 1874 iraeque
860 1788 965 1854 tucitae
976 1789 1120 1874 plenum,

93 1932 224 1977 omnem
237 1911 389 1976 ferociam
403 1908 435 1972 in
449 1909 619 1974 discrimen
632 1908 739 1996 ipsum
751 1909 932 1989 certaminis
944 1907 1118 1974 distulerat

94 2033 162 2100 Ubi
177 2031 346 2102 constitere
359 2032 441 2096 inter
454 2031 531 2098 duas
547 2032 640 2112 acics,
655 2043 704 2098 tot
716 2027 799 2097 circi
812 2033 992 2098 mortalium
1007 2029 1120 2098 animis

92 2179 149 2244 spe
163 2167 315 2244 metuque
326 2156 551 2242 pendentibus,
564 2156 687 2236 Gallus,
700 2141 786 2222 veiut
798 2159 897 2220 moles
909 2158 1043 2242 superne
1056 2123 1120 2218 imss

92 2283 234 2360 minens,
241 2277 383 2368 projecto
397 2282 477 2346 laevt
490 2291 594 2362 scuto,
606 2279 639 2344 in
652 2278 847 2344 advenientis
856 2259 940 2344 nima
952 2279 1051 2342 hostis
1062 2297 1119 2342 va·

35 2455 37 2460 -
93 2427 173 2486 num
188 2405 297 2472 caesim
311 2423 385 2468 cum
401 2403 525 2488 ingenti
537 2403 646 2467 sonitu
660 2421 768 2472 ensem
783 2400 907 2494 dejecit.¹
944 2402 1120 2482 Romanus,

94 2552 247 2598 mucrone
262 2542 414 2610 surrecto,
429 2549 527 2614 quum
540 2509 635 2594 ¹scuto
651 2541 777 2594 scutum
796 2528 897 2599 imum
923 2525 1118 2612 perculisset,

94 2661 225 2736 totoque
240 2671 372 2736 corpore
386 2650 516 2716 interior
540 2649 680 2734 periculo
704 2649 842 2712 vulneris
858 2645 972 2727 factus,
993 2649 1118 2712 insinu-

92 2779 179 2838 tsset
193 2795 230 2854 se,
241 2773 323 2838 inter
338 2795 453 2858 corpus
467 2793 627 2858 armaque,
646 2793 710 2835 uno
725 2759 886 2862 alteroque
903 2769 1036 2836 subinde
1051 2741 1117 2836 ictu
1224 2855 1225 2861 ἵ

92 2911 236 2964 ventrem
252 2907 345 2980 atque
360 2896 492 2978 inguina
507 2896 624 2978 hausit,
647 2906 679 2960 et
694 2897 728 2962 in
743 2895 880 2982 spatium
893 2895 1006 2978 ingens
1020 2915 1118 2962 ruen-

13 3005 21 3012 ’
93 3039 158 3130 tem
173 3027 313 3112 porrexit
327 3028 463 3092 husten.
499 3023 644 3094 ducentis
660 3023 733 3090 inde
748 3043 874 3109 corpus,
898 3027 937 3088 ab
953 3025 1041 3092 omni
1056 3023 1118 3104 etit
1156 3056 1175 3067 ,.

91 3156 257 3222 vexatione
280 3155 445 3236 intactum,
460 3177 526 3220 uno
550 3165 662 3240 torque
682 3154 850 3242 spoliavit:
874 3177 968 3242 quem
994 3175 1116 3240 κερεῐ,

94 3301 165 3348 eum
182 3303 292 3348 cruore
313 3283 396 3347 collo
417 3283 625 3350 circumdedit
640 3303 710 3350 suo.
755 3283 918 3350 Defixerat
932 3303 1117 3367 pavorcum

13 3441 16 3444 ·
92 3409 296 3476 admiratione
311 3407 432 3474 Gallos.
467 3409 614 3492 Romani,
638 3413 754 3477 alacres
770 3415 808 3477 ab
830 3391 965 3478 statione
988 3414 1116 3480 obsiim
1152 3441 1157 3448 ·

93 3535 188 3602 militi
201 3559 260 3602 suo
276 3537 444 3622 progressi,
463 3517 659 3621 gratulantes
678 3542 906 3628 laudantesque
921 3545 960 3608 ad
980 3544 1115 3612 dictato·
1131 3533 1135 3542 ’

92 3679 159 3724 rem
173 3659 363 3744 perducunt.
385 3649 487 3741 lister,
502 3662 679 3768 carminum
690 3685 788 3750 prope
798 3665 940 3742 modum,
954 3665 1117 3738 incondita

14 3863 15 3866 Ἴ
96 3783 249 3868 quaedam
265 3783 642 3871 militariterjoeulantes‚
654 3785 808 3872 Torquati
827 3809 1004 3876 cognomen
1025 3793 1118 3868 audis.

558 3906 660 3982 uda
