2756 4484
460 237 514 302 Er
537 175 774 300 cleaaoiia.
1076 235 1141 310 887

103 427 229 496 semper
242 407 389 472 labenaer
399 405 509 490 dilexi,
521 429 586 494 quo
600 409 702 492 mngIs
713 404 787 494 jure
801 407 905 478 colere
920 415 1016 491 atque
1030 407 1139 474 obaer-

102 551 176 610 πει
190 531 348 612 deberem,
362 529 452 596 recia.
495 527 586 596 Bene
600 533 681 612 vale,
695 539 730 595 et
740 550 794 594 me
804 527 912 615 dilige.

184 871 441 938 menusanum
456 869 570 936 Emer.
586 867 676 934 XVI.
698 868 771 934 Lib.
784 865 878 934 xm.
893 867 934 935 ad
948 867 1057 936 FAM‘.

99 1029 307 1114 Αροίἔοώιω,
323 1029 367 1095 Ρ.
391 1029 494 1096 Crassi
509 1030 655 1110 liberarem,
671 1031 794 1110 Caesori,
811 1026 921 1096 oenum
938 1032 969 1096 in
981 1018 1143 1142 iimpanici

253 1165 360 1220 coram
370 1153 509 1239 Pompeii
521 1155 627 1220 liberos
636 1155 765 1241 gerenti,
780 1153 985 1220 commendat.

295 1353 345 1418 M.
355 1352 397 1418 T.
410 1353 448 1418 C.
483 1353 522 1418 C.
545 1351 717 1418 CAESARI
739 1349 833 1418 IMP.
855 1353 891 1416 S.
902 1351 947 1417 D.

103 1477 183 1597 P·
208 1533 357 1599 Crassum
391 1557 431 1598 ex
460 1535 547 1599 omni
578 1535 742 1600 nobilitate
772 1533 1005 1598 adolescentem
1035 1533 1133 1598 dilexi

97 1645 271 1732 plurimam
291 1671 300 1726 3
330 1659 374 1726 et,
399 1647 438 1712 de
461 1667 500 1710 eo
524 1649 595 1710 cim
623 1649 662 1711 ab
689 1647 819 1710 ineunte
843 1645 911 1732 ejus
935 1655 1028 1710 aemte
1052 1635 1134 1710 b‘ene

95 1771 312 1854 spemvissem,
335 1781 404 1835 tum
420 1791 475 1856 per
490 1791 540 1833 me
556 1758 735 1834 existimaie
758 1769 844 1854 coepi
868 1791 905 1833 ex
929 1768 968 1832 iis
986 1765 1130 1856 judiciis,

95 1911 168 1976 quaa
183 1891 223 1956 de
238 1913 276 1957 eo
288 1893 436 1972 feceram,
457 1892 605 1976 cognitis.
650 1889 730 1978 Ejus
758 1891 908 1956 libertum
928 1889 1136 1978 Apollonium

91 2012 160 2101 jam
176 2026 246 2079 tum
262 2014 423 2100 equidem,
446 2018 520 2079 ciam
540 2015 593 2078 ille
608 2015 735 2096 viveret,
751 2025 783 2080 et
798 2015 907 2100 magni
922 2015 1077 2080 faciebam
1100 2025 1134 2080 et

97 2139 280 2222 probabam.
314 2135 392 2204 Erat
407 2137 492 2202 enim
509 2147 540 2202 et
555 2137 715 2204 studiosus
732 2137 847 2219 Crassi,
863 2135 949 2203 etad
964 2133 1031 2224 ejus
1048 2137 1134 2225 opti·

94 2279 147 2326 ma
161 2260 265 2326 studia
281 2262 484 2328 vehementer
498 2271 602 2348 aptus.
646 2261 757 2348 Itaque
778 2261 821 2328 ab'
833 2283 872 2326 eo
887 2261 1056 2328 admodum
1081 2261 1132 2327 di-

96 2381 265 2468 ligebatur.
302 2383 380 2448 Post
395 2394 530 2448 mortem
545 2393 652 2448 autem
665 2383 782 2464 Crassi,
799 2385 837 2448 eo
852 2383 933 2448 mihi
947 2385 1043 2448 etiam
1059 2383 1132 2468 dig-

95 2505 167 2572 nior
181 2503 267 2568 visus
290 2513 353 2583 est,
367 2525 463 2590 quem
486 2503 520 2568 in
544 2503 639 2568 fidem
657 2514 752 2590 atque
774 2503 944 2569 amicitiam
965 2525 1067 2592 meam
1082 2527 1133 2570 re·

60 2599 62 2604 Ι
95 2627 245 2714 ciperem,
272 2623 357 2709 quod
380 2645 434 2690 eos
457 2627 525 2688 ase
540 2623 751 2690 observandos
766 2636 798 2689 et
822 2625 972 2690 colendos
987 2628 1131 2711 putabat,

96 2771 177 2836 quos
193 2747 248 2812 ille
263 2745 434 2827 dilexisset,
460 2757 491 2811 et
507 2745 620 2834 quibus
642 2767 732 2812 carus
755 2745 877 2810 suisset'.
920 2747 1031 2832 linque
1047 2757 1079 2811 et
1094 2738 1143 2812 ad'

99 2885 151 2935 me
173 2869 207 2934 in
230 2867 375 2934 Ciliciam
398 2868 498 2948 venit,
524 2867 695 2954 multisque
727 2867 761 2932 in
784 2869 877 2934 rebus
903 2865 981 2932 mihi
1013 2889 1131 2953 magno

94 2994 167 3059 usui
191 2992 251 3058 fuit
271 3003 303 3056 et
318 2992 395 3057 fides
411 2989 479 3078 ejus
493 3001 525 3055 et
539 2987 726 3078 prudentia:
755 3001 800 3071 et,
824 3001 858 3054 ut
873 2990 996 3076 opinor,
1012 2989 1071 3057 tibi
1095 2991 1127 3057 in
1231 3010 1238 3026 ·

99 3113 315 3182 Alexandrino
336 3115 433 3194 bello,
451 3125 606 3200 quantum
632 3111 738 3177 studio
767 3123 799 3176 et
813 3111 964 3179 fidelitate
979 3113 1132 3198 consequi

95 3239 211 3325 potuit,
227 3257 292 3302 non
307 3235 421 3301 defuit.
464 3235 560 3304 Quod
581 3237 652 3299 cnm
669 3246 806 3321 speraret
822 3245 854 3299 te
868 3215 994 3321 quoque
1008 3235 1054 3300 ita
1075 3257 1133 3298 ex·

96 3357 246 3438 istimare,
273 3357 306 3420 in
332 3355 521 3444 Hispaniam
543 3355 582 3420 ad
610 3366 653 3436 te,
679 3357 816 3422 maxime
844 3356 897 3420 iile
920 3356 1049 3444 quidem
1075 3376 1135 3424 suo

97 3477 242 3578 ponsilio,
255 3469 412 3544 sedetiam
426 3499 477 3542 me
486 3487 624 3558 auctore,
636 3489 685 3542 est
695 3475 867 3564 proiectus.
897 3477 959 3544 Cui
972 3501 1033 3574 ego
1045 3502 1133 3548 com·

96 3597 335 3664 mendationem
351 3620 416 3664 non
439 3617 512 3662 sum
532 3597 719 3683 pollicitus3
743 3621 807 3662 non
832 3598 910 3683 quin
930 3621 999 3663 eam
1021 3599 1136 3666 valitu-

94 3739 162 3786 ram
178 3719 259 3808 apud
279 3731 310 3784 te
324 3719 510 3786 arbitrarer:
538 3717 592 3784 aed
609 3739 711 3805 seque
728 3719 807 3784 mihi
822 3739 914 3805 egere
929 3723 1133 3788 commenda·

98 3843 185 3910 tione
209 3841 384 3924 videbatur,
400 3840 456 3928 qui
472 3851 503 3906 et
520 3839 554 3906 in
569 3841 654 3905 belio
669 3851 775 3906 tecum
803 3823 927 3922 fuisset,
952 3853 984 3906 et
1006 3853 1133 3928 propter
1219 3911 1226 3926 ,

566 3971 585 4028 8
601 3963 634 4028 D
651 3971 670 4026 2
