2750 4510
285 237 346 296 146
689 234 743 298 Ea·
764 235 896 302 LlVlO.

283 401 481 482 dimicarent,
506 401 612 470 fredus
636 403 735 471 ictum
754 408 836 476 inter
857 409 1018 478 Romanos
1041 423 1074 478 et
1094 415 1235 488 lllbanos
1258 435 1309 492 cst

282 535 332 602 his
355 537 490 624 legibus,
502 551 549 620 ut,
564 538 719 630 cujusque
733 543 842 629 populi
865 543 949 612 eires
964 568 1002 616 eo
1018 551 1190 626 certamine
1213 554 1310 620 uicis·

280 681 364 754 sent,
377 671 404 737 is
418 671 507 738 alteri
522 673 641 760 populo
656 696 729 738 cum
745 676 828 740 bona
843 697 919 762 pace
935 675 1140 762 imperitaret.

319 799 430 868 Quum
462 795 519 864 sui'
539 809 689 886 utrosque
715 800 966 880 adhortarentur,
989 801 1077 868 Deos
1096 805 1225 888 panion
1245 831 1309 892 po-

276 927 368 994 triena
381 945 419 990 oe
430 935 583 1008 parentes,
602 927 744 1010 'quioanl
764 927 873 992 cisum
894 929 986 1010 ἀοηιὶ,
1008 930 1152 1016 quiequid
1164 934 1197 998 in
1217 957 1308 1002 eaer-

254 1043 336 1118 'citu
354 1051 406 1130 sit,
426 1051 547 1118 ὁὶἱονωη
570 1061 641 1118 tunc
662 1075 762 1133 aranu,
785 1055 905 1122 ἱὶἱοηιηι
927 1059 1036 1124 intuen'
1056 1081 1167 1128 monas,
1176 1085 1191 1138 ,·
1214 1063 1307 1128 iero·

274 1197 327 1242 ces
341 1184 374 1240 et
388 1185 501 1260 suopte
517 1173 658 1260 ingenio,
681 1187 714 1242 et
729 1177 816 1261 pleni
838 1179 1074 1246 adhortantium
1100 1183 1248 1262 vocibus,
1271 1183 1304 1248 in

277 1309 418 1376 medium
438 1307 520 1374 inter
533 1309 611 1374 cluss
635 1309 716 1375 acies
731 1309 917 1396 procedunt.
962 1311 1180 1378 Consederant
1202 1314 1307 1380 utrin-

274 1417 339 1520 que
359 1452 419 1520 pro
441 1431 549 1498 castris
576 1431 641 1496 duo
666 1431 835 1512 exercitus,
859 1431 991 1518 periculi
1015 1435 1115 1518 magis
1137 1437 1305 1520 presentis

273 1543 371 1644 quim
385 1577 470 1622 cursa
485 1565 651 1642 expertes3
675 1554 792 1642 quippe
813 1554 980 1642 imperium
995 1559 1159 1641 agebatur,
1181 1555 1213 1622 in
1242 1569 1306 1624 tam

272 1699 446 1766 paucorum
469 1677 585 1744 virtute
622 1687 717 1761 atque
739 1679 869 1742 fortuna
890 1679 1042 1766 positum.
1087 1678 1199 1766 ltaque
1222 1701 1305 1766 ergo

271 1801 368 1868 erecti
389 1799 597 1884 suspensique
611 1799 646 1864 in
669 1797 800 1864 minime
815 1807 941 1884 gratum
960 1803 1176 1888 spectaculum
1191 1803 1302 1870 animo

274 1923 494 1990 intenduntur.
1012 2005 1015 2012 Ι

313 2047 420 2112 Datur
432 2045 572 2129 signum.
615 2043 810 2132 Infestisque
823 2045 928 2126 armis,
941 2049 1029 2114 velut
1043 2047 1136 2128 acies,
1151 2049 1235 2118 terni
1245 2049 1303 2140 ju·

271 2191 368 2234 venes
398 2189 586 2253 magnorum
608 2167 806 2234 exercituum
835 2169 957 2236 animos
985 2181 1143 2258 gerentes,
1166 2195 1303 2240 concur·

270 2301 365 2358 runt:
389 2311 448 2355 nee
473 2289 520 2354 luis
536 2311 594 2354 nec
610 2289 672 2354 illis
687 2289 863 2376 periculum
879 2313 996 2372 suusne
1018 2291 1185 2380 publicum
1198 2283 1304 2380 impe·

270 2413 354 2480 rium
365 2411 592 2498 servitiumque
607 2413 792 2478 obversatur
806 2411 932 2495 anim03
953 2415 1124 2501 futuraque
1143 2437 1180 2480 es
1191 2415 1306 2482 deinde

271 2537 382 2628 patriae
393 2539 531 2617 sununs,
547 2557 642 2622 quam
657 2533 715 2622 ipsi
732 2535 891 2602 iecissent.
919 2535 965 2600 Ut
983 2537 1086 2622 primo
1101 2539 1209 2604 statim
1225 2561 1301 2607 con-

142 2709 147 2722 ·
267 2683 363 2730 cursu
378 2661 560 2748 increpuere
581 2679 680 2739 uma,
696 2658 912 2744 micantesque
927 2659 1045 2724 fulsere
1064 2661 1173 2745 gladii,
1187 2661 1299 2732 horror
1362 2661 1363 2674 ¹

266 2787 380 2872 ingens
391 2795 570 2870 spectantes
584 2781 768 2869 perstringit
776 2803 787 2862 3
811 2791 844 2846 et
859 2791 972 2848 neutro
985 2781 1138 2850 inclinati
1152 2807 1221 2872 spe,
1232 2795 1299 2852 tor-

264 2907 361 2990 pebat
375 2925 436 2966 uox
454 2903 654 2988 spiritusque.
698 2899 859 2966 Consentis
879 2899 993 2966 deinde
1018 2902 1179 2984 manibus,
1194 2925 1296 2990 quum

262 3023 330 3112 jem
345 3047 411 3088 non
427 3035 532 3090 motus
548 3025 671 3088 tanturn
687 3041 867 3108 corporum,
889 3022 1084 3110 agitatioque
1108 3048 1226 3116 anceps
1253 3040 1300 3094 te·

263 3151 367 3214 lorum
383 3167 616 3232 armorumque,
640 3145 696 3237 secl
709 3147 840 3210 vulnera
854 3165 982 3232 quoque
997 3157 1030 3214 et
1044 3149 1176 3234 sanguis
1202 3171 1296 3238 spec-

262 3273 369 3338 taculo
383 3277 489 3334 essent
498 3293 508 3348 3
532 3269 596 3334 duo
611 3267 756 3346 Romani,
773 3287 867 3352 super
881 3267 979 3334 aliurn
1002 3269 1095 3350 alius,
1120 3274 1294 3340 vulnerans

137 3405 140 3414 ’
264 3395 366 3462 tribus
392 3391 537 3472 Albanis,
561 3389 755 3476 exspirantes
779 3405 976 3458 corruerunt.
1021 3395 1069 3458 Ad
1093 3417 1230 3482 quorum
1246 3419 1299 3462 cs·

261 3541 331 3584 sum
358 3537 459 3604 quum
480 3515 708 3580 correlarntssct
730 3511 848 3598 gaudio
868 3515 1010 3581 Albanus
1033 3518 1204 3600 exercitus,
1227 3519 1295 3588 llo·
1361 3539 1362 3550 ¹

263 3617 370 3702 nanas
386 3637 525 3722 legiones
545 3633 613 3720 jam
636 3655 707 3720 spes
728 3643 808 3714 tota,
830 3635 972 3702 nondum
987 3647 1096 3712 tarsen
1111 3660 1187 3710 eura
1198 3639 1300 3714 dese„
1361 3625 1362 3630 ἵ

261 3767 377 3834 ruerat,
393 3755 554 3826 exanimes
569 3753 636 3820 vice
651 3753 865 3840 unius,qucm
881 3763 943 3819 tres
955 3755 1088 3822 Curiatii
1103 3757 1290 3828 circumste-

262 3888 376 3950 terant.
390 3927 402 3940 .
