2804 4524
474 304 475 316 ¹
503 277 743 354 ctcttttottt.
1092 293 1134 362 89

95 465 263 532 masticare
276 483 341 528 non
355 471 500 548 poterent
509 485 519 541 ;
542 461 638 552 qnod
648 461 715 541 itta,
739 477 811 546 qum
825 460 844 522 d
860 442 981 526 Grecis
997 459 1135 544 accepis-

95 597 182 666 sent,
197 583 312 650 Latine
327 583 389 648 dici
405 603 498 667 posse
512 581 699 646 diffiderent.
743 581 818 650 Quo
833 578 866 644 in
880 601 995 664 genere
1011 589 1137 646 tantm

96 703 269 790 profecisse
281 703 433 783 videmur,
445 714 480 768 ut
494 707 514 768 i
529 701 650 768 Groecis
666 723 706 766 nc
720 703 887 766 verborum
902 699 1030 784 quidem
1042 697 1136 784 copi&

99 831 308 896 vinceremur.

143 949 281 1016 Hortata
294 959 342 1012 est
357 949 463 1028 etiem,
480 959 514 1014 ut
529 971 580 1012 me
595 949 634 1014 ad
650 949 719 1014 haec
733 949 920 1028 conferrem,
932 949 1028 1014 animi
1040 949 1135 1035 regri·-

98 1073 189 1152 tndo,
203 1074 339 1136 fortunae
355 1078 468 1154 magun
484 1083 517 1136 et
534 1072 620 1156 gravi
643 1083 802 1136 commota
816 1069 941 1157 injurii.
986 1070 1087 1157 Cujus
1106 1071 1137 1138 st

103 1193 253 1281 mojorem
272 1197 407 1279 aliquem
438 1193 627 1260 levationem
653 1195 785 1280 reperire
803 1196 989 1281 potuissem,
1013 1219 1079 1262 non
1097 1197 1138 1262 ad

102 1320 183 1384 hanc
196 1319 395 1404 potissimdm
411 1319 634 1402 confugissent.
679 1319 728 1386 Es
743 1321 816 1382 vero
831 1318 898 1403 ipsi
913 1298 1002 1382 nuilt
1014 1319 1135 1396 ratione

104 1442 215 1507 melids
243 1442 303 1508 frui
326 1441 427 1526 potui,
451 1445 546 1524 quim
570 1441 596 1504 si
621 1462 671 1504 me
705 1462 770 1504 non
803 1441 896 1504 modo
919 1442 958 1504 ad
982 1443 1134 1525 legendos

101 1567 210 1645 libros,
222 1565 276 1630 sed
288 1565 382 1630 etism
401 1565 440 1628 ad
454 1575 552 1631 totam
568 1561 800 1648 philosophiam
816 1565 1065 1648 pertractandam
1077 1566 1134 1630 des
1161 1551 1166 1559 ¹

103 1689 228 1754 dissern.
272 1689 394 1753 Omnes
409 1699 515 1752 cutem
538 1683 606 1772 ejus
621 1697 738 1770 partes,
753 1696 848 1770 atque
872 1687 979 1750 omnis
993 1690 1135 1754 membra

105 1823 172 1908 trem
188 1807 337 1872 facillime
354 1819 539 1886 noscuntur,
558 1795 633 1871 'cirm
657 1818 735 1872 totoe
758 1809 948 1892 quaestiones
970 1813 1137 1881 scribendo

102 1932 309 2018 explicantur.
353 1931 413 1998 Est
439 1932 524 1998 enim
550 1932 739 1997 admirabilis
762 1933 909 2018 quedam
938 1937 1136 2004 continuatio

100 2055 262 2143 seriesque
285 2075 401 2133 rerum,
416 2065 453 2120 ut
476 2055 537 2132 alis
558 2075 599 2118 ex
621 2055 680 2120 alit
704 2077 796 2136 noxe,
816 2068 850 2121 et
872 2080 982 2124 omnes
1004 2061 1087 2126 inter
1101 2081 1137 2127 se

103 2188 188 2265 aptae
203 2177 422 2262 colligataequc
437 2177 610 2242 videantur.

145 2301 213 2372 Qui
225 2311 332 2366 autem
346 2299 521 2386 requirunt,
536 2301 611 2386 quid
636 2307 760 2389 quique
774 2303 813 2367 de
827 2325 860 2368 re
875 2305 935 2391 ipsi
950 2307 1135 2391 sentiamus,

101 2420 256 2490 conniis
279 2421 312 2490 id
335 2421 469 2502 faciunt,
494 2425 588 2506 quim
613 2445 741 2488 necesse
764 2435 823 2489 est.
868 2426 945 2492 Non
968 2429 1053 2492 enim
1069 2439 1135 2494 tem

102 2553 248 2610 suctores
263 2545 296 2608 in
310 2543 512 2629 disputando,
528 2547 623 2630 quim
647 2545 776 2612 rationis
791 2559 953 2613 momenta
967 2551 1136 2634 quaerenda

101 2679 190 2734 sunt.
233 2665 416 2738 Quinetiam
431 2668 522 2731 obest
536 2669 722 2752 pierumque
742 2669 792 2746 iis,
808 2669 863 2752 qui
877 2670 994 2734 discere
1009 2675 1133 2752 volunt,

101 2787 273 2854 auctoritas
302 2807 423 2868 eorum,
450 2787 506 2872 qui
532 2809 566 2850 se
594 2787 706 2852 docere
731 2787 930 2873 profitentur.
972 2789 1138 2856 Desinunt

101 2909 189 2974 esim
204 2931 298 2974 suum
308 2906 466 2992 judicium
489 2907 655 2972 adhibere:
679 2907 711 2972 id
734 2908 852 2974 hebent
866 2919 980 2990 retum,
995 2911 1082 2996 quod
1097 2913 1138 2996 ab

100 3055 152 3114 co,
168 3053 263 3117 quem
286 3031 630 3118 pronuntiationum
655 3031 772 3098 vident.
817 3033 887 3098 Nec
911 3036 982 3098 vero
1004 3037 1137 3120 probate

99 3159 189 3222 soleo
204 3155 249 3235 id,
263 3155 349 3241 quod
363 3155 403 3219 dc
418 3153 635 3239 Pythagoricis
659 3153 857 3240 accepimus3
881 3177 960 3240 quos
977 3161 1093 3238 serunt,
1108 3159 1137 3224 si

98 3279 178 3366 quid
206 3279 397 3343 sffirnmrent
421 3277 454 3340 in
477 3277 677 3363 disputando,
702 3281 776 3342 edm
807 3300 847 3344 ex
873 3278 910 3343 iis
934 3291 1138 3364 quereretur,

99 3425 197 3489 quare
212 3401 257 3467 ite
270 3412 364 3482 essct,
380 3401 567 3486 respondere
589 3399 711 3482 solitos,
729 3401 899 3484 [prodicit.
942 3403 1014 3490 Ipse
1031 3412 1138 3467 autem

96 3537 168 3593 eret
182 3525 390 3610 Pythagoras.
434 3523 575 3588 Tantum
598 3523 707 3609 opinio
729 3521 931 3610 praejudicate
952 3535 1087 3609 poterat,
1101 3537 1140 3592 ut

100 3649 198 3716 etism
215 3648 283 3714 sine
297 3647 418 3714 ratione
434 3649 547 3712 valeret
562 3645 742 3711 auctoritas.

143 3772 212 3843 Qui
227 3781 335 3838 eutem
350 3769 515 3852 mirentur,
530 3792 589 3834 nos
614 3771 697 3834 hanc
721 3767 921 3854 potissimitm
936 3769 1138 3857 disciplinam

101 3905 244 3976 secutos,
259 3893 308 3960 his
323 3904 458 3982 quatuor
481 3891 674 3959 Academicis
689 3890 776 3958 libris
799 3891 874 3956 satis
888 3911 1075 3979 responsum
1089 3891 1138 3958 ri·
