2756 4484
444 196 496 260 En
518 193 755 262 CICERONE.

192 527 446 590 Anouueurdn
463 525 578 590 Errsn.
593 523 665 592 vll.
685 523 758 590 Lib.
773 521 828 585 lV.
844 519 882 584 ad
898 517 1004 583 FAM.

72 735 215 814 Suadet,
228 745 264 802 ut
278 735 436 802 metiendi
449 735 603 802 consitium
616 733 753 820 objiciat,
773 743 802 798 et
820 735 851 798 in
869 723 1004 816 potri'cun
1024 753 1111 796 suom

119 858 254 922 redeat.-
282 859 316 922 id
342 860 493 924 Cononem
506 857 607 940 facite
628 879 833 922 ooncetsurum
842 881 856 933 ,·
882 859 916 920 id
935 867 1042 940 optare
1062 857 1112 938 ip·

122 976 348 1062 oipufrotrerm
363 981 397 1044 id
409 981 507 1063 ipsam
520 981 753 1063 rempublicam.-
768 981 802 1043 id
813 980 855 1044 od
865 980 1012 1044 rationem
1022 979 1113 1042 etium

123 1099 170 1162 rei
174 1095 345 1180 familiaris
356 1102 513 1182 pertinere.

287 1311 337 1378 M.
349 1311 390 1378 Τ.
406 1312 444 1378 C.
477 1311 527 1376 M.
544 1312 789 1376 MARCELLO
813 1313 846 1377 S.
861 1311 906 1377 D.

87 1435 225 1560 ETSI
247 1517 286 1559 eo
299 1505 331 1560 te
347 1493 450 1560 adhuc
463 1495 597 1559 consilio
609 1517 703 1560 usum
719 1496 875 1580 intelligo,
891 1507 928 1562 ut
948 1497 981 1562 id
1005 1521 1110 1585 repre·

82 1607 225 1671 bendere
250 1627 317 1669 non
337 1606 488 1686 audeam3
512 1609 590 1690 (non
615 1607 691 1690 quin
715 1608 755 1671 ab
774 1627 812 1670 eo
834 1607 901 1690 ipse
919 1601 1113 1690 dissentiam,

85 1725 144 1790 sed
157 1725 242 1810 qubd
255 1727 292 1788 ei
307 1735 339 1789 te
354 1723 505 1810 snpientia
519 1745 586 1788 esse
597 1722 752 1810 judicem,
767 1735 803 1790 ut
818 1747 923 1790 meum
944 1726 1112 1790 consilium
1155 1801 1160 1812 .

88 1869 156 1913 non
166 1857 357 1932 anteponam
370 1847 458 1929 tuo=)
471 1857 577 1912 tamen
590 1855 622 1910 et
634 1846 781 1911 amicitie
795 1859 910 1912 nostrae
922 1859 1113 1930 vetustasfet

88 1981 145 2036 tun
158 1991 282 2034 summa
296 1991 369 2053 erga
383 1991 433 2034 me
447 1969 676 2051 benevolentia,
700 1993 772 2056 quoe
795 1971 871 2034 mihi
892 1969 959 2056 jam
974 1974 993 2036 i
1007 1973 1112 2057 pueri·

87 2090 135 2159 tit
148 2097 204 2158 tut
216 2093 346 2179 cognite
358 2104 417 2174 est,
438 2114 489 2158 me
505 2093 628 2158 hortata
642 2105 701 2174 est,
713 2104 751 2159 ut
762 2115 799 2158 ea
816 2095 983 2162 scriberem
1007 2097 1045 2162 ad
1070 2085 1113 2180 tc,

90 2237 162 2302 quus
177 2227 209 2280 et
224 2215 318 2282 soluti
333 2225 398 2281 tute
410 2215 585 2282 conducere
598 2216 771 2299 arbitrarer,
786 2228 819 2282 et
839 2239 904 2282 non
925 2219 1027 2284 alieno
1047 2241 1115 2287 esse

87 2339 234 2404 ducerem
250 2340 270 2402 b
288 2337 452 2420 dignitate.

80 2463 83 2470 '
132 2455 291 2544 Egoeom
304 2467 336 2520 te
354 2479 435 2536 esse,
458 2457 512 2542 qui
526 2457 640 2522 horum
656 2461 809 2524 malorum
821 2460 911 2525 initia
926 2449 1027 2527 muitd
1041 2471 1114 2530 onte
1228 2503 1234 2514 =

90 2579 214 2660 videris,
230 2579 428 2643 consulatum
452 2577 762 2662 magnificentissime
786 2592 879 2665 atque
901 2583 1021 2667 optime
1044 2605 1116 2668 ges·

94 2703 180 2785 seris,
191 2702 340 2788 preclare
366 2699 518 2764 memini:
542 2699 699 2764 sedidem
721 2701 815 2765 etiem
837 2701 893 2766 illa
917 2703 991 2784 vidi,
1014 2691 1117 2792 neque

94 2839 128 2892 te
154 2823 319 2891 consilium
341 2819 442 2888 civilis
466 2796 541 2887 beili
567 2821 612 2886 ite
635 2822 774 2907 gerendi,
798 2845 900 2910 neque
926 2827 1031 2914 copias
1047 2823 1114 2894 ¹Cn.

94 2948 245 3035 Pompeii,
261 2969 321 3012 nec
331 2965 434 3030 genus
453 2944 621 3024 exercitus,
636 2947 778 3030 probare,
793 2969 977 3034 semperque
991 2958 1115 3019 summe

94 3068 241 3150 diffideres.
284 3067 356 3137 Qut
378 3064 412 3130 in
434 3065 590 3130 sententie
614 3087 665 3130 me
687 3085 812 3152 quoque
833 3069 941 3151 tuisse,
965 3074 1117 3139 memorie
1231 3145 1234 3158 ,

96 3205 199 3258 tenere
222 3200 256 3256 te
278 3187 421 3254 arbitror.
465 3187 574 3272 itaque
598 3209 701 3274 neque
725 3200 762 3254 tu
788 3193 923 3256 moltbm
948 3191 1117 3261 interfuisti

99 3315 188 3380 rebus
206 3307 372 3396 gerendis3
387 3317 421 3372 et
434 3327 494 3392 ego
510 3306 542 3371 id
556 3327 680 3394 semper
691 3307 754 3392 egi,
766 3329 806 3372 ne
818 3307 1012 3418 interessem.
1040 3312 1115 3378 Non

100 3435 181 3502 enim
213 3431 252 3496 iis
277 3434 370 3496 rebus
392 3431 625 3516 pugnabomus,
657 3431 774 3516 quibus
801 3433 901 3496 valere
924 3443 1116 3519 poteramus,

97 3551 238 3632 consilio,
260 3549 458 3652 auctoritate,
483 3553 589 3630 coust,
603 3569 675 3636 quae
687 3560 776 3614 crunt
789 3549 823 3614 in
835 3551 926 3616 nobis
938 3543 1115 3640 soperipre3

101 3681 152 3744 sed
165 3677 287 3744 lacertis
301 3687 334 3742 et
345 3675 475 3756 viribus,
489 3673 604 3762 quibus
619 3695 708 3761 pones
724 3697 788 3740 oon
802 3695 937 3740 eramus.
967 3676 1049 3742 Victi
1063 3703 1116 3744 su·
1192 3669 1195 3678 ’

101 3821 166 3868 mus
182 3799 299 3886 igitur:
326 3809 392 3878 aut,
408 3798 435 3864 si
454 3777 537 3862 vinci
558 3795 694 3880 dignitas
713 3817 777 3862 non
797 3807 913 3884 potest,
929 3799 1021 3864 fructi·
1034 3807 1116 3872 certe
1188 3877 1191 3886 .

485 3917 492 3930 ’
553 3917 650 3986 3Α2
