2804 4524
506 251 746 366 ‚cronacum
1096 297 1138 372 επ

108 463 302 536 Macellum
324 463 471 534 consules
486 465 616 542 floruit:
638 495 699 539 uos
723 473 757 540 in
771 472 882 544 eodem
897 495 994 540 sumu
1019 469 1139 538 luimus

108 593 233 680 bSulli
248 589 413 672 dietetore,
423 591 463 658 ed
476 591 606 664 eosdem
619 595 686 662 fere
706 597 865 662 consules.
900 595 954 664 Sic
980 597 1023 668 Q.
1050 597 1140 664 Hor·

107 707 202 782 tensii
216 737 281 782 vox
294 715 436 782 extincta
450 717 517 781 luto
531 737 591 783 suo
604 729 653 784 est
668 742 676 784 e
701 730 808 784 nostra
820 720 963 805 publico.
1006 721 1138 804 Melius,

108 861 232 930 quaeso,
246 838 400 921 ominare,
415 839 518 928 inquit
532 839 664 908 Brutus.
709 841 758 908 Sit
774 849 849 908 sane
865 853 903 908 ut
916 843 974 926 vis,
989 844 1139 932 inquam:

110 974 144 1030 et
158 964 191 1030 id
206 985 271 1030 non
286 973 353 1030 tam
368 966 439 1030 med
454 967 559 1046 causi,
574 969 671 1052 quim
686 967 764 1030 tube
787 966 843 1030 sed
858 967 1039 1034 fortunatus
1055 968 1142 1035 illius

112 1085 230 1167 exitus,
242 1083 298 1171 qui
310 1105 347 1150 ee
361 1106 428 1152 non
440 1084 518 1152 vidit
533 1089 607 1154 cum
623 1085 746 1168 fierent,
770 1109 841 1174 quae
861 1089 997 1174 providit
1023 1091 1142 1156 futuru.

111 1207 204 1295 Soepe
225 1208 311 1278 euim
326 1208 480 1278 internos
494 1209 715 1296 impendentes
731 1219 823 1276 cesus
843 1211 1041 1296 dederimus,
1068 1218 1142 1280 cum

112 1331 187 1398 belli
198 1329 299 1400 civilis
311 1353 421 1414 causas
433 1332 467 1400 iu
479 1333 670 1420 privatcmm
683 1333 909 1420 cupiditatibus
925 1336 1073 1418 inclusas,
1082 1357 1140 1424 pa-

113 1455 157 1522 cis
168 1455 431 1542 spembpublico
442 1455 576 1522 consilio
587 1477 655 1522 esse
667 1458 828 1526 exclusam
842 1457 1031 1528 videremus.
1076 1459 1141 1525 Sed

114 1575 204 1644 illum
218 1575 342 1662 ridetur
355 1575 490 1644 felicitas
504 1575 616 1663 ipsius,
640 1581 703 1662 qut
718 1597 842 1662 semper
856 1589 905 1642 est
916 1601 1004 1660 usus,
1028 1583 1068 1644 ab
1095 1582 1140 1646 eis

14 1741 15 1752 κ
115 1699 258 1783 miemiis,
271 1722 344 1788 quae
358 1711 540 1770 consecuta
554 1711 642 1781 eunt,
657 1711 758 1766 morte
772 1699 959 1768 vindicasse.

156 1824 227 1890 Nos
242 1834 361 1908 autem,
375 1823 488 1906 Brute,
507 1825 659 1910 quoniam
684 1835 758 1912 post
773 1824 953 1906 Hortensii,
980 1822 1144 1895 clarissimi

115 1949 258 2031 oratoris,
273 1957 409 2026 mortem
423 1951 510 2016 orbae
524 1949 716 2034 eloquentiis
729 1947 821 2034 quasi
832 1958 955 2016 tutores
969 1949 1073 2016 relicti
1087 1973 1144 2018 su·

116 2095 198 2158 mus,
208 2073 297 2150 domi
308 2083 473 2166 teneamus
487 2093 557 2140 earu
572 2083 693 2158 septam
705 2071 827 2142 liberali
851 2074 995 2140 custode
1007 2100 1017 2156 ;
1039 2077 1145 2143 ethos

118 2195 246 2282 ignotos
268 2203 364 2286 etque
385 2194 588 2283 impudentes
609 2215 724 2282 procos
738 2194 963 2280 repudiemus:
987 2207 1147 2264 tueamur·

116 2341 191 2406 que,
205 2329 244 2388 ut
255 2318 396 2396 adultero
409 2317 579 2403 virginem,
595 2323 694 2399 caste,
717 2319 805 2384 stab
821 2328 997 2390 amatorum
1012 2318 1146 2404 impetu,

118 2446 274 2530 quantem
296 2463 477 2531 possumus,
501 2441 736 2529 prohibeamus.
778 2441 948 2529 Equidem,
971 2443 1030 2510 etsi
1056 2444 1148 2510 doleo

118 2587 169 2647 tue
194 2567 227 2639 in
253 2567 350 2636 vitan
364 2567 473 2654 paullo
495 2567 607 2648 serius,
623 2577 774 2652 tanquam
793 2565 936 2649 inviam,
958 2566 1148 2652 ingressum,

118 2691 300 2776 priusquam
315 2692 498 2757 conlectum
514 2689 574 2755 iter
588 2689 641 2771 sit,
656 2691 689 2754 in
705 2692 788 2755 hone
803 2689 988 2776 reipublicae
1014 2699 1146 2754 noctem

121 2813 288 2894 incidisse3
311 2823 417 2880 tamen
430 2816 469 2880 et
480 2812 698 2880 consolatione
713 2823 885 2893 sustentor,
897 2833 993 2898 quam
1006 2823 1043 2878 tu
1059 2811 1148 2893 mihi,

121 2937 233 3022 Brute,
248 2936 419 3009 adhibuisti
433 2937 497 3003 tuis
512 2933 705 3004 suavissimis
720 2936 841 3001 literis:
865 2936 980 3022 quibus
1003 2958 1054 3002 me
1075 2938 1150 3003 lorti

123 3061 229 3128 auimo
243 3083 313 3136 esse
327 3071 470 3152 oportere
492 3061 655 3142 censebas,
671 3059 756 3146 qubd
771 3077 808 3125 ea
822 3059 1002 3146 gessissem,
1014 3083 1087 3148 qum
1112 3063 1151 3128 dc

123 3205 186 3268 me,
200 3171 297 3252 etiam
310 3207 363 3252 me
376 3195 514 3267 tecente,
529 3183 596 3270 ipsa
614 3187 829 3270 loquerentur,
856 3197 1043 3273 mortuoque
1062 3185 1150 3252 viver.-

123 3319 206 3378 rent.
250 3310 344 3390 Quae,
372 3309 399 3374 si
421 3314 508 3375 reete
523 3317 618 3390 esset,
636 3306 732 3374 saluti
746 3305 948 3394 reipublicae3
970 3307 1021 3371 sin
1049 3326 1152 3386 secus,

125 3434 257 3502 interitu
271 3434 352 3522 ipso,
367 3431 587 3499 testimouium
603 3451 746 3498 meorum
766 3431 804 3498 de
818 3429 978 3518 republica
1004 3431 1153 3499 consilio,

125 3579 195 3623 rum
209 3557 333 3626 darent.

168 3679 279 3751 sedin
294 3690 326 3746 te
335 3682 476 3762 intuens,
487 3681 598 3764 Brute,
613 3679 705 3745 doleo
719 3703 729 3760 3
745 3678 837 3768 cujus
852 3680 884 3746 iu
897 3679 1153 3762 adolescentiam,

68 3826 70 3832 ’
128 3831 183 3905 per
196 3807 316 3877 medies
330 3808 439 3876 laudes
451 3807 541 3894 quasi
552 3803 712 3900 quadrigis
722 3805 904 3888 vehentem,
916 3815 1093 3872 transversa
1103 3806 1154 3870 in.

118 3930 227 4002 currit
250 3930 366 4002 misere
389 3933 518 4026 iortuuu
530 3927 725 4020 reipublice.
771 3927 837 3998 Hic
852 3949 903 3996 me
918 3931 1008 3996 dolor
1024 3929 1151 4014 tangit3
1260 3921 1263 3932 ’
