2804 4524
444 339 447 352 ,
507 263 750 336 cronnona.
852 203 861 224 ⁹
1100 271 1141 336 ss

96 443 155 512 Sic
176 465 211 512 so
231 463 281 510 res
303 443 420 512 babet:
445 452 476 508 tc
491 453 557 524 tua,
579 465 631 511 sne
649 443 809 510 &neunt
830 461 911 508 mea.
950 437 1017 506 sau
1042 447 1080 506 ut
1099 441 1140 506 ad

90 565 292 652 Dionysium
311 566 496 648 redeamus3
520 567 609 634 omni
637 569 739 648 cuitu,
763 577 797 632 ct
818 563 907 630 rictu
926 563 1068 632 humano
1081 583 1137 631 ea·

97 693 192 757 rebat
206 715 215 755 r
240 689 365 756 virebat
380 711 454 757 cum
469 671 623 774 fugitivis,
638 711 713 758 cum
727 687 924 768 facinorosis,
937 709 1013 757 curu
1027 687 1141 756 barba·
1261 759 1275 788 0

93 814 166 880 ris:
189 811 362 892 neminem,
387 812 443 898 qui
460 825 517 878 aut
548 813 693 881 libertate
711 811 830 896 dignus
845 821 940 893 esset,
963 820 1020 876 out
1045 809 1143 877 veiiet

92 933 232 1000 omrrinb
248 933 423 1014 liberasse,
438 933 499 998 sibi
514 933 654 1001 amicum
667 933 887 1000 arbitrabatur.

142 1055 224 1120 Non
253 1075 329 1138 crgo
346 1051 414 1140 jam
439 1077 513 1122 oum
535 1053 631 1144 hujus
654 1057 730 1137 viu,
752 1062 816 1144 qua
837 1056 962 1140 tetrius,
985 1056 1142 1140 miserim,

92 1182 320 1250 detestabilius
325 1183 511 1268 excogitare
525 1184 608 1250 nihii
617 1206 758 1270 pomum,
768 1183 912 1250 Platonis
925 1185 1142 1272 autAruirptp

96 1305 201 1370 vitam
224 1309 427 1390 comparabo,
454 1308 623 1372 doctorum
642 1307 824 1388 hominurn,
845 1319 879 1373 et
898 1309 992 1394 puna
1015 1307 1144 1396 sapien·-

95 1429 195 1496 tium.
232 1429 283 1492 Ex
307 1429 417 1494 endem
441 1433 517 1494 urbe
538 1429 695 1496 humilem
709 1393 946 1496 ¹homunculum
968 1435 987 1496 b
1012 1434 1143 1518 pulvere

95 1567 131 1620 et
156 1551 243 1637 radio
258 1553 414 1634 excitabo,
429 1553 484 1640 qui
500 1545 609 1618 multis
624 1553 715 1618 annis
729 1555 802 1638 post
813 1553 886 1634 fuit,
904 1551 1143 1620 Archimedem.

95 1673 202 1761 Cujus
227 1697 287 1759 ego
310 1687 451 1764 quiestor
465 1676 648 1772 ignoratum
669 1679 710 1742 ab
734 1675 951 1762 Syracusanis,
973 1678 1047 1740 curn
1069 1697 1140 1742 essa

97 1801 234 1868 omnino
251 1810 416 1887 negarent,
431 1811 558 1886 scpturn
573 1799 715 1886 undique
733 1810 766 1866 et
781 1799 932 1866 vestitum
946 1799 1093 1886 vepribus
1108 1809 1143 1866 et
1205 1785 1207 1792 ,

93 1921 236 1990 dumetis
252 1920 398 2006 indagavi
413 1923 616 2008 sepulcrum
640 1924 788 1986 tenebam
804 1921 890 1986 enirn
910 1919 1066 2008 quosdam
1086 1941 1140 1988 so-

97 2046 251 2128 narioios,
271 2067 351 2132 quos
373 2045 405 2110 in
430 2039 499 2132 ejus
515 2055 724 2128 monumento
739 2065 808 2109 asse
822 2043 992 2128 inscriptos
1011 2061 1144 2132 stctrtpo⁴

98 2191 169 2236 ram
180 2193 191 2250 ι
216 2169 272 2256 qui
284 2169 497 2250 declarabant,
524 2168 557 2234 in
573 2190 699 2234 summo
723 2169 870 2256 seprdcro
893 2169 1051 2255 sphaeram
1074 2189 1147 2236 esse

95 2298 237 2386 positam
255 2319 330 2364 cum
345 2297 499 2384 cylindro.
543 2297 616 2384 Ego
631 2309 749 2380 autem,
766 2301 839 2366 cbm
852 2297 960 2364 omnia
973 2265 1143 2368 collustra-

98 2440 169 2486 rem
192 2419 295 2484 ocrdis
322 2424 384 2506 (est
406 2419 491 2497 enim
508 2419 547 2484 ad
566 2430 673 2506 portas
690 2424 710 2464 ⁸*
725 2421 921 2509 Agragianas
943 2441 1060 2508 magna
1082 2419 1147 2488 fre·

100 2541 234 2632 quentia
247 2543 475 2630 sepulcrorum)
495 2543 701 2609 animadverti
713 2545 915 2613 columellam
928 2565 992 2612 non
1005 2543 1146 2628 multum

103 2669 121 2730 ὲ
136 2665 243 2732 dumis
258 2665 452 2734 eminentem
465 2689 475 2744 3
490 2665 531 2750 ,in
543 2669 607 2752 qui
621 2665 722 2730 incrat
734 2667 868 2754 sphaerae
883 2667 1029 2750 figuraret
1044 2665 1146 2750 cylin-

103 2789 161 2854 dri.
207 2789 314 2876 Atque
329 2809 390 2876 ego
403 2788 512 2855 statim
528 2789 731 2874 Syracusanis
753 2793 854 2872 (crant
869 2798 975 2854 autem
990 2787 1149 2876 principes

109 2911 249 2994 meeum)
282 2911 357 2992 dixi,
380 2933 431 2976 me
446 2911 527 2976 illud
542 2911 647 2998 ipsum
663 2910 805 2976 arbitrari
819 2933 899 2993 esse,
915 2911 1000 3000 quod
1023 2933 1149 3002 quaere-
1251 2945 1254 2950 ·

109 3053 189 3100 rem.
234 3031 373 3097 Immissi
397 3053 472 3096 curu
487 3031 623 3098 falcibus
639 3031 732 3098 multi
755 3038 933 3120 purgarunt
958 3043 991 3099 et
1014 3055 1149 3122 aperue-

105 3165 181 3222 runt
203 3155 323 3220 locum.
367 3155 442 3226 Qub
465 3139 538 3222 cbrn
552 3159 730 3244 patefactus
746 3168 830 3222 essct
846 3155 962 3244 aditus,
981 3159 1021 3226 ad
1035 3159 1145 3224 adver·

105 3299 173 3342 sarn
188 3275 291 3342 basim
307 3275 506 3342 accessimus.
551 3279 732 3370 Apparebat
747 3277 942 3366 epigramma
956 3280 1056 3350 exesis
1069 3301 1149 3368 pos·

103 3401 273 3468 carioribus
288 3403 433 3490 partibus
448 3401 687 3488 versiculorum,
708 3403 879 3474 dimidiatis
899 3391 977 3474 ferei
1020 3405 1072 3472 Ita
1085 3429 1148 3476 nu-

106 3524 264 3620 bilissima
278 3525 415 3592 Graecira
432 3526 553 3610 civitas,
565 3529 726 3616 quondam
746 3531 820 3596 vero
839 3527 937 3598 etiam
957 3529 1152 3621 doctissima,
1175 3617 1178 3623 ι

107 3649 159 3714 sui
183 3649 273 3730 civis,
301 3651 396 3716 unius
412 3651 598 3733 acutissimi,
622 3663 867 3722 monumentum
881 3653 1071 3740 ignorasset,
1090 3653 1152 3724 nisi

106 3772 148 3836 ab
163 3753 295 3840 bomine
308 3769 461 3860 Arpinate
473 3773 643 3840 didicisset.

228 3929 247 3967 ι
262 3926 459 4004 Asnaum,
474 3929 546 3996 cor.
561 3903 865 4081 cappae-,inante
879 3933 1038 4018 stanna.
1137 3959 1205 4020 ψ·
