2804 4524
494 289 733 368 elendona.

298 707 472 792 Psomu.
497 705 580 790 Lib.
599 707 646 790 V.
674 715 733 791 De
760 705 943 790 Pistam.

107 937 276 1026 Mamor,
291 946 575 1030 onomatopoeia,
591 948 662 1012 locis
675 944 1130 1032 ipsiminquibwmmal'w‘

378 1083 577 1162 admiramur,
595 1085 707 1147 adescat
719 1083 859 1167 vestigio.

110 1262 240 1383 Cum
254 1301 659 1382 audacemnntiochum,
674 1303 836 1384 snmus
850 1299 1067 1384 oleumcum
1083 1303 1135 1370 u.

107 1429 221 1498 Pisone
234 1432 268 1498 in
294 1454 333 1498 eo
347 1432 521 1517 gymnasio,
544 1431 629 1514 quod
650 1431 870 1496 Ptolemaeium
896 1446 1034 1513 vocatur,
1049 1437 1131 1498 uni-

107 1575 169 1638 que
181 1553 357 1624 ‚nobiseum
383 1554 425 1624 Q.
447 1555 551 1634 frater,
575 1563 607 1618 et
620 1554 661 1618 T.
678 1553 883 1637 Pomponius,
898 1567 930 1619 et
952 1557 993 1620 1..
1009 1553 1134 1636 Cicero,

105 1677 198 1742 frater
209 1687 316 1742 noster
331 1676 518 1762 cognatione
540 1675 700 1760 patruelis,
716 1697 821 1740 amore
836 1697 1003 1761 germanus
1017 1701 1027 1756 3
1043 1693 1129 1742 eon·
1160 1755 1172 1772 ·

108 1799 269 1866 atituimus
284 1799 368 1864 inter
378 1821 448 1878 nos,
463 1809 497 1862 ut
509 1798 755 1866 ambulationem
767 1798 1043 1883 postmeridianam
1055 1819 1135 1864 oon-

102 1916 272 1987 ‘ficeremus
300 1921 334 1984 in
357 1919 537 1999 Academil,
561 1919 696 1984 maxime
721 1919 805 2004 quod
829 1919 855 1982 is
877 1923 966 1984 locus
986 1923 1026 1986 ab
1048 1917 1137 1986 omui

109 2048 199 2111 turbt
221 2044 254 2108 id
280 2042 429 2128 temporis
458 2063 574 2106 vacuus
604 2051 699 2106 esset.
726 2042 853 2127 ‘ltaque
883 2043 923 2108 ad
949 2053 1074 2130 tempus
1096 2044 1136 2108 ad

108 2167 259 2234 Pisonem
273 2187 396 2230 omnes.
438 2163 528 2244 Inde,
551 2165 636 2230 vario
657 2183 814 2244 sermone,
839 2187 894 2230 aex
914 2166 969 2230 illa
986 2167 1139 2252 iDipylo

109 2288 210 2354 stadia
235 2287 440 2354 confecimus.
485 2285 566 2350 Cdm
593 2257 699 2350 autom
725 2287 920 2352 venissemus
950 2287 983 2352 in
1013 2287 1136 2352 Acada-

109 2409 217 2488 miatd,
244 2430 309 2475 non
330 2409 399 2474 sine
420 2411 514 2473 causi
528 2403 693 2472 nobilitata
713 2409 824 2494 spatia,
848 2409 984 2474 solitudo
998 2419 1064 2472 erat
1090 2431 1139 2490 ea,

111 2553 205 2619 quam
230 2533 438 2596 volueramus.

152 2655 240 2720 Tum
257 2653 344 2734 Piso,
356 2653 520 2718 Naturane
546 2649 638 2715 nobis
662 2649 734 2730 hoc,
759 2633 873 2734 inquit,
896 2650 1005 2716 datum
1023 2631 1138 2732 dicam

110 2793 150 2842 aa
163 2797 266 2842 errore
281 2773 417 2860 quodam
428 2797 439 2853 ;
462 2783 499 2838 ut
521 2775 593 2836 edm
617 2794 652 2835 ea
675 2775 746 2836 loca
768 2773 941 2852 videamus,
967 2772 1140 2857 inquibus

101 2899 263 2966 memmii
287 2895 398 2981 dignos
414 2895 496 2959 viros
523 2893 733 2980 acceperimus
759 2895 895 2960 muttum
908 2913 976 2958 esse
990 2905 1141 2976 versatos,

68 3049 75 3068 ·
111 3022 213 3106 magis
241 3039 433 3098 moveamur,
460 3021 555 3102 quum
582 3015 759 3101 siquando
786 3037 895 3080 eorum
921 3015 1059 3102 ipsorum
1088 3031 1143 3085 aut

112 3141 194 3204 sacta
207 3137 381 3218 audiamus,
394 3145 449 3199 aut
470 3135 622 3219 scriptum
643 3133 770 3218 aliquod
784 3137 949 3220 legamus?
973 3139 1060 3202 velut
1082 3159 1143 3222 ego

111 3280 355 3360 nunomoveor.
399 3257 495 3322 Venit
523 3257 609 3322 enim
645 3257 723 3322 mihi
748 3257 888 3324 Platonis
919 3260 953 3324 in
981 3269 1142 3341 mentem3

118 3363 213 3464 quem
240 3377 420 3462 accepimus
445 3375 582 3460 primum
612 3375 663 3440 hle
687 3376 845 3462 disputare
874 3375 1022 3444 solitum:
1053 3379 1144 3467 cujus

114 3497 209 3564 etiam
227 3495 273 3560 illi
289 3496 408 3560 hortuli
423 3495 594 3580 propinqui
611 3517 675 3560 non
689 3498 873 3564 memoriam
888 3501 990 3564 solim
1004 3497 1083 3564 nu'hi
1093 3501 1142 3566 at-

115 3620 233 3699 ierunt‚
258 3618 313 3681 sed
331 3617 435 3726 ipsum
460 3617 606 3682 videntur
621 3617 654 3682 in
667 3631 841 3706 conspectu
863 3643 934 3686 meo
949 3621 1002 3687 hic
1016 3643 1143 3708 ponere.

31 3793 34 3798 ,
88 3773 92 3782 ·
116 3739 183 3806 Hie
198 3739 408 3826 Speusippus,
421 3741 473 3806 hle
487 3741 693 3822 Xenocrates,
708 3741 761 3808 hle
777 3743 844 3830 ejus
856 3744 978 3810 auditor
992 3743 1144 3812 Polemo:

115 3857 164 3946 cuj
170 3881 206 3925 us
222 3859 290 3946 ipsa
304 3849 362 3926 illa
369 3859 473 3926 sessio
487 3859 558 3944 fuit,
571 3882 665 3946 quam
679 3862 833 3931 videmus.
876 3865 1034 3952 Equidem
1049 3868 1144 3934 etiam

626 3981 643 4044 Ι
