2750 4510
1073 267 1130 328 135

358 737 421 818 Ex
447 741 611 816 sonmo
636 741 854 820 sermome.

476 965 593 1032 Sermo
617 957 757 1055 ioquitnr'.

95 1093 244 1222 CUM
279 1142 312 1208 in
335 1141 476 1207 Africum
500 1145 669 1226 venissem,
701 1147 752 1211 M.
776 1145 911 1212 Manilio
942 1150 1066 1236 consuli
1092 1151 1131 1218 nd

89 1281 236 1356 quartam
256 1270 415 1356 legionem
432 1272 580 1338 tribunus
604 1279 655 1358 (ut
669 1276 769 1358 scitis)
788 1278 949 1358 militum3
974 1279 1053 1344 nihil
1068 1281 1129 1346 mi·

90 1393 128 1458 hi
152 1394 260 1480 potius
285 1393 361 1474 suit,
386 1398 481 1482 quim
507 1405 543 1490 ut
560 1395 763 1462 Masinissam
787 1399 1000 1481 convenirem,
1024 1425 1131 1487 regem

88 1518 221 1584 &milior
237 1530 353 1584 nostrae
364 1516 461 1604 justis
476 1519 515 1582 de
530 1519 634 1584 causis
649 1519 889 1607 amicissimum.
919 1523 970 1586 Ad
985 1545 1080 1608 quem
1095 1537 1131 1590 ut

88 1641 176 1723 veni,
187 1645 371 1728 complexus
387 1663 438 1706 me
453 1665 551 1708 senex
562 1643 807 1728 collacrymant,
822 1644 1045 1732 aliquantoque
1060 1647 1132 1732 pirst

89 1762 237 1853 suspexit
251 1764 285 1828 in
300 1765 441 1844 coelum3
464 1775 497 1828 et
513 1771 533 1802 “
548 1764 698 1845 Grates,''’
715 1765 830 1851 inquit,
847 1771 869 1804 “
883 1767 939 1832 tibi
956 1789 1027 1854 ago,
1040 1791 1129 1846 sum·

87 1890 113 1924 ·‘
128 1907 180 1950 me
195 1886 263 1968 sol,
273 1886 436 1974 vobisque,
447 1887 559 1972 reliqui
575 1887 710 1967 coelires,
725 1887 811 1972 quod
822 1893 895 1952 ante
912 1891 1006 1974 qutun
1022 1889 1131 1956 exhdc

87 2013 110 2048 ·‘
126 2009 194 2075 viu
215 2009 329 2096 migro,
363 2009 527 2096 conspicio
551 2009 583 2074 in
610 2031 682 2074 meo
707 2032 806 2096 regno
833 2021 865 2076 ct
892 2011 940 2078 his
967 2013 1059 2078 tectis
1094 2011 1129 2080 P.

86 2137 112 2172 “
128 2132 317 2198 Cornelium
332 2132 528 2220 Scipionem,
552 2130 642 2220 cujus
665 2155 726 2218 ego
749 2135 878 2198 nomine
893 2135 961 2220 ipso
985 2118 1129 2202 recreori

89 2261 114 2296 “
131 2255 176 2320 itu
191 2277 354 2343 nunquam
381 2277 421 2319 ex
442 2256 549 2320 animo
565 2277 636 2320 meo
652 2257 783 2322 discedit
807 2227 892 2322 illius
913 2259 1027 2346 optimi
1041 2271 1135 2346 utque
1211 2261 1213 2266 ’

129 2499 257 2566 Deinde
278 2523 340 2586 ego
361 2501 453 2564 ilium
476 2501 515 2564 de
537 2523 595 2564 suo
618 2520 717 2588 regno
729 2525 738 2580 3
763 2501 816 2565 ille
832 2524 882 2564 me
898 2501 936 2566 dc
958 2507 1062 2566 nostrii
1079 2523 1111 2566 re

85 2623 216 2710 publicu
237 2635 442 2710 percontatus
465 2633 536 2688 est:
559 2623 732 2709 multisque
755 2625 858 2688 verbis
882 2625 964 2690 uin-n
987 2623 1129 2712 citroque

87 2741 216 2822 habitis,
231 2743 286 2808 ille
302 2741 394 2806 nobis
411 2751 624 2826 consumptus
640 2753 688 2804 est
704 2739 782 2806 dies.
828 2741 903 2806 Post
920 2752 1025 2804 :tutem
1040 2739 1128 2824 regio

85 2875 237 2951 apparatu
262 2867 398 2952 accepti,
423 2885 602 2930 sermonem
626 2863 659 2928 in
675 2867 808 2930 multum
826 2875 952 2928 noctem
977 2863 1129 2950 produxi·

86 3011 171 3068 suus,
185 2993 260 3054 cum
275 3009 372 3054 senex
387 2989 468 3054 nihil
491 2987 552 3054 nisi
568 2989 607 3052 de
620 2987 771 3052 Africano
788 2990 982 3074 loqueretur,
1004 2987 1128 3052 omnin-

84 3133 146 3196 «με
161 3108 231 3196 ejus
248 3133 313 3176 non
330 3113 433 3176 solnm
449 3115 541 3192 sacta,
558 3115 613 3176 sed
630 3113 728 3176 etiam
742 3111 826 3176 dieta
844 3111 1053 3200 meminisset.

125 3233 266 3316 Deinde,
282 3244 318 3300 ut
331 3235 476 3300 cubitmn
493 3235 707 3315 discessimus,
718 3256 769 3298 me
787 3245 818 3298 et
832 3237 952 3298 ies-snm
968 3234 1006 3296 dc
1023 3233 1084 3311 sin,
1097 3243 1128 3296 et

84 3357 139 3444 qui
154 3357 345 3424 admultam
360 3369 491 3422 noctem
507 3357 698 3442 vigilttssem,
723 3357 850 3438 arctior,
872 3361 968 3442 quiem
990 3357 1124 3432 solebat,

85 3503 217 3552 somnus
233 3483 426 3568 complexus
443 3493 501 3546 est.
538 3481 604 3546 Htc
619 3483 698 3546 mihi
718 3482 829 3570 (credo.
839 3479 985 3566 equidem
1000 3500 1038 3542 cx
1055 3479 1128 3560 hoe,

76 3605 170 3692 ‚quod
191 3625 318 3670 eremus
334 3605 453 3670 locuti:
477 3603 514 3668 fit
537 3604 625 3670 enim
648 3606 713 3668 sere
731 3615 766 3668 nt
782 3603 990 3690 cogitationes
1010 3623 1130 3667 senno·

80 3709 207 3822 'sesque
223 3728 324 3794 nostri
338 3728 462 3814 pariant
477 3728 597 3815 aliquid
612 3729 645 3794 in
660 3750 772 3794 somno
795 3729 870 3810 tale,
885 3729 977 3812 ande
992 3725 1031 3812 de
1054 3725 1128 3790 Ho-

81 3871 168 3916 mero
192 3846 301 3926 scrinis
319 3848 458 3930 EuniuS,
482 3849 601 3934 dequo
620 3848 765 3914 videlieet
788 3847 961 3944 saepissime¹
988 3847 1122 3932 vigilans
