2804 4524
261 275 302 332 50
609 269 663 332 Ee
684 267 734 334 M.
756 269 922 338 Tutum

305 435 367 500 His
383 435 480 522 igitur
494 449 542 504 est
556 439 714 508 difficilius
726 443 915 522 satisfacere,
926 443 982 530 qui
999 467 1033 512 se
1046 447 1160 516 Latina
1173 447 1289 538 scripta

261 571 372 638 dieunt
393 584 607 656 contemnere,
631 575 665 641 in
691 577 807 663 quibus
831 578 891 642 hoe
920 577 1056 664 primum
1086 591 1145 662 est,
1167 581 1200 645 in
1224 601 1290 667 quo

260 692 413 774 admirer3
437 715 493 758 eur
509 694 539 758 in
555 696 745 778 gravissimis
761 701 854 762 rebus
871 721 935 764 uon
950 701 1085 765 delectet
1101 723 1155 764 eos
1169 699 1292 786 patrius

260 835 375 895 sermo,
401 817 475 878 elim
489 815 583 878 iidem
596 817 724 882 fabellas
738 819 880 897 Latinas,
895 819 934 884 ad
948 823 1079 885 verbum
1103 821 1143 884 de
1167 821 1292 886 Graecis

258 958 429 1022 expressas,
443 951 507 1006 non
520 937 609 1000 inviti
622 940 739 1022 legant.
761 939 841 1008 Quis
854 939 938 1004 enim
954 945 1018 1004 tam
1033 940 1180 1006 inimicus
1195 943 1293 1026 poene

260 1059 382 1124 nomini
406 1059 551 1122 Romano
575 1071 633 1139 est,
659 1061 714 1146 qui
734 1061 832 1126 Ennii
855 1061 1014 1142 Medeam,
1039 1073 1093 1128 aut
1117 1064 1293 1148 Antiopam

260 1181 388 1248 Pacuvii
409 1193 535 1268 spernat
558 1193 612 1246 aut
638 1181 781 1270 rejiciat?
806 1184 861 1268 qui
879 1207 912 1248 se
930 1185 1042 1248 iisdem
1060 1185 1220 1271 Euripidis
1239 1187 1294 1249 'fa-

260 1303 344 1368 bulis
373 1303 520 1368 delectari
543 1303 637 1384 dieat,
659 1304 788 1368 Latinas
812 1303 916 1368 literas
938 1304 1059 1369 oderit?
1085 1305 1296 1390 Synephebos

260 1448 332 1512 ego,
356 1425 473 1511 inquit,
495 1426 600 1512 potius
619 1425 753 1506 Caecilii,
776 1438 831 1492 aut
850 1427 999 1492 Andriam
1013 1427 1167 1507 Terentii,
1194 1430 1295 1512 quim

258 1560 425 1636 utramque
444 1549 615 1614 'Menandri
635 1551 759 1633 legem?
784 1550 814 1612 A
836 1549 952 1634 quibus
977 1559 1101 1614 tantum
1127 1548 1296 1630 dissentio,

262 1685 309 1754 ut,
330 1677 404 1740 ciem
417 1675 591 1758 Sophocles
606 1675 654 1735 vel
670 1671 789 1756 optime
806 1672 964 1756 scripserit
985 1672 1155 1752 Electram,
1183 1681 1291 1736 tamen

260 1801 341 1882 male
358 1815 539 1860 conversam
551 1792 742 1856 Attiliimilri
758 1793 922 1874 legendam
936 1804 1063 1877 putem:
1081 1794 1190 1858 rudem
1204 1795 1291 1858 euim

258 1941 327 1984 esse
339 1915 470 1979 omnino
485 1915 518 1977 in
531 1913 645 1978 nostris
658 1913 771 1998 potitis,
787 1925 842 1978 aut
857 1913 1056 1982 inertissimae
1070 1918 1215 2000 segnitiae
1227 1927 1289 1996 est,

259 2048 314 2106 aut
331 2036 450 2104 fastidii
466 2034 693 2102 delicatissimi.
738 2035 822 2100 Mihi
841 2037 968 2122 quidem
990 2037 1071 2102 nulli
1086 2038 1161 2104 satis
1176 2037 1291 2104 eruditi

258 2161 415 2242 videntur,
431 2159 546 2245 quibus
564 2167 670 2223 nostra
683 2157 793 2241 ignota
808 2168 893 2222 sunt.
938 2159 1003 2240 Au,

535 2315 539 2320 ·
568 2281 696 2346 Utinam
709 2303 747 2344 ne
760 2281 791 2344 in
804 2303 978 2362 nemore,—

259 2408 360 2474 nihilo
375 2407 479 2472 minus
497 2405 646 2490 legimus,
661 2407 758 2490 quim
773 2405 834 2470 hoe
849 2405 930 2468 idem
946 2406 1114 2470 Graeeum:
1139 2429 1212 2492 quae
1229 2429 1290 2472 au-

257 2541 323 2596 tem
343 2531 382 2594 de
402 2531 483 2594 bene
505 2533 660 2614 beateque
678 2528 835 2592 vivendo
828 2532 847 2592 l
870 2527 1002 2594 Platone
1022 2530 1181 2616 disputata
1201 2541 1288 2612 sunt,

257 2655 327 2718 haec
346 2651 494 2739 explicari
516 2671 580 2713 non
598 2649 736 2734 placebit
724 2649 885 2714 tLatincl

297 2776 438 2848 Qubd'
414 2799 441 2840 si
466 2797 523 2838 nos
545 2795 608 2838 nou
640 2772 847 2858 interpretum
871 2773 1035 2858 fungimur
1063 2794 1204 2852 munere,
1230 2727 1286 2839 sed

257 2909 382 2964 tuemur
402 2920 450 2976 ea,
473 2919 544 2980 quae
567 2896 650 2960 dieta
673 2905 748 2958 sunt
763 2895 841 2958 ab''
822 2917 872 2972 us,
888 2916 966 2976 quos
982 2895 1206 2978 probamus,
1179 2917 1288 2980 eisque

257 3042 400 3096 nostrum
411 3029 580 3116 judicium,
596 3041 628 3093 et
643 3039 787 3092 nostrum
804 3027 960 3092 scribendi
978 3027 1121 3092 ordinem
1136 3027 1285 3114 adjungi·

254 3183 325 3226 mus
337 3183 345 3238 3
361 3159 437 3244 quid
450 3161 577 3239 habeut,
591 3181 647 3222 eur
660 3159 772 3222 Graeca
783 3167 977 3240 anteponant
989 3157 1038 3237 iis,
1050 3181 1121 3244 quae
1134 3172 1166 3224 et
1178 3163 1287 3246 splen.

213 3281 216 3290 ¹
252 3293 325 3360 dide
349 3289 530 3369 dictasint,
558 3310 659 3373 neque
683 3289 747 3353 sint
769 3309 920 3352 conversa
939 3288 977 3351 de
998 3289 1146 3356 Graecis?
1175 3292 1286 3362 eran-
1397 3283 1398 3294 ¹

253 3441 347 3507 quam
363 3418 389 3484 si
405 3419 497 3504 plane
514 3415 559 3478 sie
581 3425 732 3480 verterem
755 3415 917 3480 Platonem
939 3427 993 3481 aut
1013 3417 1227 3496 Aristotelem,
1248 3429 1285 3482 ut
1397 3419 1398 3472 l

252 3559 413 3614 verterunt
435 3545 533 3612 nostri
554 3555 657 3629 pottre
678 3547 818 3624 fabulas;
849 3548 941 3624 male,
964 3546 1068 3625 eredo,
1092 3567 1225 3612 mererer
1245 3549 1284 3613 de
1397 3535 1398 3552 ³

253 3659 333 3743 meis
349 3676 480 3764 ciuibus,
503 3677 528 3739 si
544 3676 583 3739 ad
598 3695 706 3738 eorum
723 3673 938 3759 cognitionem
959 3673 1064 3738 divina
1085 3675 1138 3738 illa
1159 3675 1286 3760 ingenia

252 3809 464 3874 transferrem.
509 3809 571 3872 Sed
595 3805 625 3870 id
648 3827 751 3892 neque
772 3807 830 3870 feci
853 3805 967 3883 adhuc,
990 3827 1048 3868 nec
1070 3804 1147 3868 milri
1167 3817 1284 3884 tamen,

252 3959 292 4002 nc
308 3935 653 4026 faciam,interdictum
675 3947 764 4022 put0.
811 3937 913 4000 Locos
929 3935 1055 4020 quidem
1073 3936 1237 4021 quosdam,
1254 3935 1281 3999 si
