2804 4524
238 243 278 301 π
563 207 567 212 ’
600 229 655 294 ni
674 225 725 294 u.
748 224 916 294 runuo

165 491 167 498 Ι
234 405 274 470 tis
290 425 372 484 reos,
387 424 451 468 non
466 404 589 466 luctum
603 399 690 482 filice,
705 421 770 466 non
784 397 914 464 exilium
925 397 1045 484 generi,
1055 421 1119 466 non
1131 399 1269 466 acerbis·

231 527 343 594 simam
359 527 397 592 C.
413 524 508 592 Marii
523 526 645 609 lugam,
670 544 736 588 non
758 521 844 588 illam
863 531 936 610 post
960 521 1095 588 reditum
1120 521 1189 609 ejus
1204 543 1270 588 cie·

234 649 307 722 dem
321 648 465 716 omnium
481 645 739 728 crudelissimam,
765 668 829 712 non
844 646 979 734 deuique
995 645 1028 710 in
1051 643 1138 712 omni
1154 667 1271 731 genere

234 773 439 838 deformatam
454 791 523 834 eam
539 767 711 850 civitatem,
736 767 770 834 in
784 773 845 854 qut
858 768 924 856 ipse
940 767 1160 834 florentissimt
1180 771 1265 834 mul·

234 897 302 960 tuin
316 893 468 960 omnibus
483 891 584 978 gloria
597 890 808 984 prestitisset,

280 1016 344 1082 Sed
359 1015 508 1102 quoniam
530 1013 622 1100 attigi
650 1011 843 1100 cogitatione
857 1011 935 1094 vim,
945 1013 1192 1104 ¹varietatemque
1206 1013 1273 1078 ior-

242 1149 342 1220 tunae,
363 1159 428 1204 non
442 1136 605 1224 rogabitur
619 1135 719 1202 oratio
733 1157 805 1202 mee
818 1134 958 1222 longius,
974 1145 1066 1222 etque
1082 1135 1126 1202 eis
1141 1137 1206 1202 iere
1221 1135 1271 1224 ip·

240 1261 282 1327 sis
297 1260 465 1328 definietur
478 1259 564 1344 viris,
586 1259 641 1346 qui
656 1259 719 1326 hoc
735 1280 893 1342 sermone,
912 1281 1007 1348 quein
1030 1260 1145 1326 reterre
1168 1259 1271 1348 coepi-

235 1381 547 1462 mus,continentur.
568 1380 649 1452 Quis
664 1380 750 1446 enin
765 1400 832 1448 nou
850 1378 923 1470 jure
949 1381 1073 1448 beatam
1098 1381 1138 1448 L.
1165 1379 1269 1446 Crassi

236 1515 369 1570 mortem
384 1503 483 1585 illam,
507 1513 644 1594 quaest
667 1506 686 1568 d
700 1503 811 1570 multis
828 1525 913 1592 sepe
928 1503 1051 1584 defien,
1063 1502 1187 1584 dixerit,
1199 1505 1273 1568 cim

123 1675 128 1688 ,
233 1629 347 1694 horum
362 1628 501 1720 ipsorum
516 1629 570 1710 sit,
585 1628 725 1716 quitum
741 1650 813 1694 cum
829 1627 884 1692 illo
897 1629 1093 1714 postremum
1116 1628 1182 1694 iere
1202 1629 1270 1694 col·

235 1751 334 1818 locuti
354 1762 441 1832 sum,
455 1761 604 1816 euentum
618 1749 822 1818 recordatus?
846 1749 1008 1814 Tenemus
1034 1748 1120 1814 euim
1146 1771 1270 1816 memo-

239 1869 297 1950 rii,
312 1870 354 1940 Q.
368 1867 529 1952 Catulum,
543 1869 645 1936 vimm
668 1869 757 1936 omni
770 1867 861 1938 laude
871 1877 1088 1956 prestantem,
1110 1871 1183 1936 curn
1210 1869 1272 1936 sibi

236 2009 301 2052 uon
313 1985 505 2052 incolumem
518 1989 689 2070 fortunam,
706 1987 761 2052 sed
774 1985 904 2052 exilium
927 1995 960 2054 et
982 1985 1091 2072 sugam
1114 1987 1264 2076 depreca-

241 2119 338 2188 retur,
360 2131 429 2174 esse
442 2121 602 2190 coactum,
624 2121 660 2176 ut
674 2109 739 2176 vlit
752 2133 786 2176 se
801 2110 867 2199 ipse
881 2109 1025 2198 privaret.
1068 2110 1143 2180 Jem
1169 2111 1272 2178 Marci

235 2231 369 2298 Antonii
391 2231 425 2298 in
448 2233 497 2300 liis
519 2233 596 2322 ipsis
620 2231 741 2314 rostris,
765 2231 800 2298 in
825 2234 940 2321 quibus
966 2234 1020 2304 ille
1041 2233 1270 2324 rempublicam

177 2441 181 2448 ι
235 2355 493 2423 constantissimi
509 2359 621 2424 consul
636 2355 829 2440 defenderat,
844 2378 977 2446 queque
1001 2379 1114 2426 censor
1133 2358 1270 2450 impers-

234 2477 322 2546 toriis
346 2479 503 2546 manubiis
524 2483 663 2561 orndrat,
687 2479 828 2568 positum
848 2491 943 2568 caput
963 2481 1044 2550 illud
1066 2483 1139 2564 suit,
1161 2483 1181 2548 d
1204 2503 1269 2570 quo

233 2610 324 2664 crant
338 2602 511 2668 multorum
526 2601 642 2668 civium
666 2603 915 2692 cepitaserrata.
958 2603 1073 2692 Neque
1099 2604 1173 2672 ver'o
1192 2606 1267 2670 lon·
1387 2587 1388 2611 ¹

234 2727 274 2806 ge
290 2725 328 2788 ab
343 2745 384 2792 eo
398 2723 438 2789 C.
453 2723 533 2792 Julii
547 2735 653 2814 caput,
668 2725 804 2814 hospitis
824 2725 951 2792 Etrusci
966 2727 1084 2794 scelere
1096 2727 1269 2816 proditum,

231 2823 310 2908 ‘cum
333 2847 372 2912 L.
386 2846 467 2912 Julii
481 2847 584 2914 fratris
608 2847 710 2936 capite
730 2845 853 2935 jacuit5
875 2855 914 2912 ut
936 2845 1002 2928 illc,
1027 2845 1082 2934 qui
1105 2847 1175 2916 nnc
1201 2869 1268 2914 uon

234 2964 324 3046 vidit,
339 2977 372 3034 ct
396 2967 511 3036 vixisse
534 2991 607 3036 cum
630 2968 800 3058 republica
814 2967 942 3055 pariter,
963 2978 1085 3036 etcum
1099 2969 1154 3036 illt
1175 2971 1270 3036 simul

235 3090 394 3158 extinctus
419 3111 489 3158 esse
510 3092 663 3160 videatur.
707 3091 820 3179 Neque
835 3089 920 3158 enim
935 3091 1148 3182 propinquum
1163 3115 1270 3176 suum,

234 3211 364 3276 maximi
379 3207 478 3278 animi
500 3211 612 3294 virum,
635 3211 784 3279 Publium
806 3211 966 3296 Crassum,
988 3223 1098 3302 suapte
1120 3213 1269 3300 interlec-

235 3341 305 3396 tum
330 3353 437 3412 manu,
464 3351 566 3418 neque
592 3331 724 3418 college
749 3331 810 3414 rui,
834 3331 1000 3420 pontilicis
1028 3319 1169 3418 mnaimi,
1195 3319 1270 3400 san·

235 3453 332 3541 guioe
355 3455 560 3522 simulacrum
582 3453 689 3522 vesto
710 3475 887 3544 respersum
909 3457 1093 3526 essevidits
1117 3457 1170 3526 cui
1184 3479 1268 3526 moe·

235 3577 298 3644 rori
325 3581 401 3666 (qua
423 3587 531 3644 mente
560 3573 613 3644 ille
639 3577 673 3644 in
698 3579 831 3666 patriam
857 3578 935 3668 tuit)
961 3580 1121 3650 ananie.
1148 3581 1270 3650 Carbo·

237 3697 298 3778 nis,
326 3697 537 3766 inimicissimi
559 3698 709 3796 sonnis,
736 3699 847 3766 eorem
874 3681 935 3766 ino'
959 3699 1010 3766 aie
1039 3721 1124 3766 mois
1150 3701 1271 3768 nefaria

234 3820 359 3890 luisset.
401 3823 479 3892 Non
502 3823 580 3890 vidit
605 3845 714 3892 eorum
738 3822 889 3913 ipsorum,
912 3823 968 3912 qui
992 3834 1061 3912 trun
1083 3825 1269 3894 adolescen-
