2750 4510
484 243 724 336 cicuuouu.
1080 267 1122 340 rr

91 461 166 514 mor
181 430 328 522 soluo,
343 439 604 508 blededucimus
618 437 800 526 perterritos
811 439 830 502 d
842 435 1039 518 timere,hto
1049 455 1123 522 goe,

93 568 214 634 shores
238 565 489 650 comprimimus,
513 565 574 628 hle
596 563 784 650 cupiditates
811 559 1049 646 iracundiasque
1070 579 1123 626 rc·

89 689 298 776 stinguimus.
346 688 426 754 fleo
442 657 501 752 nos
516 686 610 774 juris,
624 689 745 771 legum,
760 685 885 750 urbium
903 685 1051 750 societate
1065 681 1124 746 de·

88 813 214 880 rmus:
237 811 309 876 hrcc
323 813 341 874 ir
355 811 419 876 ritd
443 778 574 876 immani
589 821 620 874 et
645 812 709 874 lert
732 809 917 894 segregavit
963 808 1013 872 ltd
1028 825 1122 882 usum

85 946 196 1002 sutem
211 933 374 1013 cretionis,
389 933 575 998 incredibile
599 947 659 1012 est,
675 933 736 997 nisi
758 933 925 1016 diligenter
939 928 1129 1008 attenderis,

88 1059 210 1143 quanli
224 1061 320 1142 operi
334 1055 513 1122 machinata
527 1045 641 1146 naturis
663 1055 715 1120 sit.
759 1055 900 1120 Primirm
917 1056 1001 1118 enim
1016 1054 1123 1140 bpul·

89 1179 242 1244 monibus
263 1199 337 1257 vox,
353 1179 543 1264 principium
567 1182 586 1242 d
608 1188 714 1244 mente
736 1178 868 1256 ducens,
883 1177 1066 1263 percipitur,
1090 1185 1126 1240 et

92 1300 250 1367 tunditur.
294 1295 421 1366 Deinde
443 1299 475 1364 iu
501 1323 556 1364 ore
579 1300 640 1363 sita
663 1301 773 1384 lingua
787 1309 847 1377 est,
863 1300 951 1362 linita
965 1297 1124 1364 dentibus.

91 1423 140 1490 Eo
153 1443 266 1488 rocem
282 1422 487 1488 immoderate
502 1425 662 1506 profusam
684 1421 777 1504 fingit
792 1432 823 1484 et
837 1419 997 1484 terminet.
1042 1423 1125 1490 Quae

92 1569 189 1612 sonos
205 1546 293 1610 vocis
305 1546 471 1612 distinctos
498 1551 530 1608 et
553 1565 677 1630 pressos
701 1544 808 1624 efficit,
824 1545 896 1607 edm
912 1553 944 1606 ct
959 1542 1124 1606 addentes

92 1683 126 1736 et
140 1669 181 1737 ad
194 1668 273 1734 elius
284 1680 388 1755 partes
403 1669 495 1754 pellit
510 1670 586 1732 oris.

132 1793 239 1864 Quem
254 1793 328 1856 verb
351 1803 451 1878 eptas,
467 1795 626 1877 quumque
650 1793 821 1856 multarum
836 1791 949 1856 artium
965 1789 1122 1856 ministras

90 1939 204 1984 mouns
230 1927 342 1982 netum
365 1915 487 1982 homini
511 1917 619 1981 dediti
643 1917 815 2001 digitorum
835 1917 921 1981 enim
946 1916 1133 1982 contractio·

90 2039 205 2120 mdis,
220 2039 386 2124 facilisque
403 2040 571 2125 porrectio,
587 2049 717 2124 propter
731 2042 842 2104 molles
855 2039 1076 2106 commissuros
1091 2051 1125 2105 ct

89 2173 176 2230 crtus
199 2163 290 2228 nullo
313 2164 348 2228 in
372 2171 462 2228 motu
485 2163 618 2227 loborat.
639 2181 642 2197 ¹
663 2163 774 2248 ltaque
797 2164 837 2226 ed
859 2163 1066 2249 pingendum,
1082 2166 1132 2230 ud·

87 2285 288 2371 lingendum,
312 2284 352 2350 cd
374 2284 593 2370 scalpendum,
618 2287 656 2348 ad
677 2306 845 2350 nervorum
870 2285 1041 2352 eliciendos
1064 2311 1119 2351 so-

79 2399 151 2474 ‘ncs
175 2429 212 2472 se
235 2406 396 2487 libiorum,
411 2416 484 2493 opto
506 2429 619 2472 monus
651 2421 709 2488 est,
733 2411 915 2474 admotione
937 2411 1133 2494 digitorum:

90 2533 198 2618 Atque
225 2531 295 2594 ltaec
319 2523 561 2610 oblectationis,
596 2530 651 2594 illu
674 2532 890 2596 necessitutisr
926 2535 1031 2596 cultus
1049 2531 1122 2594 dieo

92 2673 256 2739 agrorum,
270 2651 550 2736 extructionesque
564 2647 741 2731 tectorum,
750 2663 941 2736 tegumenta
956 2671 1124 2736 corporum

83 2779 134 2842 rel
149 2785 249 2854 texta,
266 2777 314 2840 rel
339 2786 423 2854 suto,
439 2793 630 2859 omnemque
651 2771 802 2837 fabricem
826 2773 896 2838 reris
913 2783 944 2836 et
959 2773 1032 2836 ferri
1046 2797 1055 2837 r
1078 2795 1120 2838 ex

91 2919 158 2986 quo
171 2897 376 2982 intelligitur,
391 2897 430 2962 sd
455 2897 584 2962 invente
605 2895 723 2978 auimo,
738 2906 884 2982 percepta
899 2897 1054 2976 sensibus,
1070 2899 1125 2962 ed·

74 3015 203 3090 ¹bibitis
218 3019 371 3104 opificum
387 3019 546 3100 menibus,
561 3019 670 3084 omnio
694 3039 752 3084 nos
768 3031 969 3100 consecutos,
984 3032 1020 3084 ut
1037 3023 1125 3102 teeti,

87 3155 125 3212 ut
139 3143 260 3224 restiti,
279 3153 313 3208 ut
329 3145 407 3208 salvi
417 3165 485 3208 esse
496 3164 681 3229 possemus3
705 3146 809 3224 urbes,
822 3163 938 3224 muros,
951 3143 1124 3224 domicilia,

96 3267 233 3332 delubra
246 3267 449 3330 haberemus.

129 3387 208 3456 Jom
236 3389 308 3452 rerd
334 3387 482 3472 operibus
517 3386 695 3466 hominum,
724 3387 755 3452 id
788 3399 848 3469 cst,
877 3387 1036 3464 menibus,
1061 3383 1128 3453 cibi

91 3496 338 3580 estsurnietas
354 3509 523 3589 invenitur,
540 3521 571 3574 et
587 3510 688 3595 copia.
733 3511 818 3574 Nem
834 3521 865 3575 et
881 3511 947 3596 egri
963 3513 1063 3576 multo
1078 3515 1127 3576 le-

92 3644 170 3706 runt
181 3655 280 3700 mauu
294 3632 441 3718 quaesite,
453 3653 526 3718 quae
540 3635 590 3696 uel
602 3633 709 3696 statim
723 3643 964 3713 consumantur,
975 3633 1024 3696 vel
1038 3651 1112 3698 mun

95 3759 211 3828 centu
226 3757 355 3824 condita
370 3755 533 3826 vetustati.
557 3755 601 3820 Et
615 3766 767 3842 praeterea
782 3757 941 3821 vescimur
955 3737 1078 3839 bestiis,
1095 3771 1128 3823 et

100 3878 245 3960 terrenis,
275 3891 307 3944 et
328 3877 533 3964 aquatilibus,
560 3887 593 3942 et
618 3878 811 3958 volutilibus,
833 3877 945 3964 purtim
971 3879 1134 3965 capiendo,

607 4003 637 4064 O
