2750 4510
280 245 342 304 160
685 231 740 298 Eo
761 230 896 302 uilo.

276 405 469 498 praeeipuam
490 401 691 494 prudentium
711 425 883 488 assumere,
910 405 996 494 quta
1009 405 1177 497 utriusque
1190 413 1304 498 popuii

274 532 355 602 sires
370 535 490 612 nbsset,
504 529 662 616 sciretque
678 527 812 602 invisum
826 529 970 616 proieotb
985 531 1167 618 superbiam
1183 533 1302 620 regiam

274 655 396 730 civibus
411 675 493 734 esse,
508 671 603 738 quum
620 653 700 718 serre
716 673 756 716 ne
771 651 862 718 liberi
877 651 1005 738 quidem
1018 655 1210 740 potuissent.
1254 657 1303 731 lo

273 800 374 868 quom
395 775 568 845 sensimud
589 775 806 843 rebellandum
830 774 983 862 primores
1000 775 1199 846 Gabinorum
1223 778 1303 848 iuci-

273 905 366 978 toret,
387 894 457 979 ipse
478 913 552 961 cum
566 891 809 980 promptissimis
828 891 985 980 juvenum
1008 893 1186 980 praedatum
1209 906 1303 984 atque

275 1019 309 1086 io
324 1015 539 1102 expeditiones
555 1015 626 1095 iret,
641 1025 687 1096 et,
702 1013 795 1086 dietis
810 1014 965 1106 fastisque
980 1016 1130 1085 omnibus
1140 1017 1180 1087 ad
1192 1020 1305 1086 salien-

278 1137 353 1204 dum
369 1134 545 1216 instructis,
565 1155 646 1203 rens
666 1134 859 1203 adcresceret
883 1135 973 1220 fides,
1002 1135 1068 1206 dux
1090 1137 1131 1206 sd
1153 1139 1301 1207 ultimum

273 1261 351 1329 belli
365 1260 491 1346 legitur.
527 1256 577 1322 lbi
591 1277 701 1346 quum,
716 1257 815 1332 insuit
834 1237 1040 1330 multitudiue
1055 1261 1133 1346 quid
1146 1273 1308 1348 ageretur,¹

272 1381 386 1472 proelis
399 1401 494 1468 parva
508 1379 588 1446 inter
604 1378 739 1448 Romam
754 1377 942 1472 Gabiosque
957 1379 1080 1462 fierent,
1103 1383 1220 1468 quium
1234 1385 1299 1470 ple·

271 1527 405 1594 rumque
420 1503 546 1570 Gebins
560 1525 608 1568 res
632 1501 773 1590 superior
794 1513 876 1572 esset
887 1527 898 1584 ς
923 1515 993 1568 tum
1017 1505 1162 1574 certatim
1186 1507 1298 1576 summi

273 1629 438 1715 infimique
461 1627 659 1694 Gabinorum
680 1625 755 1690 Sex.
777 1623 985 1712 Tarquinium
1012 1625 1096 1694 douo
1110 1627 1218 1699 Deum
1241 1629 1296 1696 sibi

271 1759 404 1826 missum
419 1757 532 1822 ducem
547 1753 683 1820 credere.
727 1755 825 1840 Apud
840 1753 958 1824 milites
973 1757 1059 1842 verb,
1080 1758 1230 1827 obeundo
1244 1779 1296 1846 pe·
1325 1741 1327 1748 Ι

270 1879 371 1950 rierda
384 1899 420 1942 ac
433 1877 567 1956 iabores,
582 1875 698 1962 puriter
711 1877 849 1961 proedam
869 1877 1019 1948 munifice
1041 1879 1218 1966 largiendo,
1228 1893 1295 1948 tau·

271 2008 305 2072 tt
320 2001 449 2067 caritate
467 2020 546 2082 esse,
561 2009 598 2066 ut
612 2021 677 2066 nou
692 2009 782 2086 peter
795 2000 988 2088 'l'arquiuius
1002 2004 1163 2088 potentior
1178 2005 1295 2084 Romo,

271 2125 368 2212 quim
387 2123 471 2190 iilius
496 2121 607 2188 Gabiis
628 2133 724 2188 asset.
765 2123 882 2210 lisque
896 2135 1067 2212 postquam
1096 2127 1174 2198 sotis
1189 2129 1296 2196 virium
1350 2151 1351 2172 i

270 2249 439 2314 collectum
462 2245 502 2312 ad
523 2267 634 2310 omnes
657 2257 791 2314 conatus
816 2246 957 2330 uidebat,
988 2259 1058 2316 tum
1081 2250 1181 2319 esuis
1202 2271 1293 2328 nuum

272 2369 466 2439 sciscitatum
491 2368 627 2434 Romam
647 2368 687 2434 ad
711 2379 833 2454 patrem
848 2368 958 2450 mittit,
983 2370 1133 2456 quidnam
1148 2395 1183 2441 re
1199 2377 1292 2444 laeam

270 2495 387 2560 velleri
411 2491 678 2578 quandoquidem,
705 2501 741 2558 ut
760 2490 869 2559 omnia
889 2513 974 2560 nnus
1000 2493 1111 2562 Gabiis
1132 2493 1291 2582 posset‚si

270 2615 327 2682 Dii
341 2613 511 2682 dedissent.
548 2613 637 2680 Huic
652 2613 781 2695 nuncio,
803 2613 892 2700 quia,
907 2615 1012 2696 credo,
1037 2615 1144 2682 dubim
1160 2617 1233 2686 iidai
1248 2617 1288 2682 si·
1348 2649 1349 2695 q

273 2739 417 2820 debatur,
434 2737 517 2825 nihii
529 2757 605 2804 voce
620 2757 810 2822 responsum
823 2747 883 2805 oss.

313 2865 395 2942 Rex,
418 2865 505 2928 velut
527 2857 802 2938 deliberabundus,
828 2857 861 2924 iu
878 2855 1006 2925 bortum
1031 2857 1150 2925 odium
1172 2855 1287 2936 transit,
1347 2867 1348 2925 i

271 2993 423 3070 sequente
439 2980 557 3046 nuncio
578 2980 656 3046 filii:
680 2979 724 3044 ibi
738 2977 939 3044 inambulans
954 2977 1081 3058 tacitus,
1096 2999 1223 3046 aarum
1238 2999 1288 3066 pa·

269 3125 418 3192 peresum
440 3102 544 3190 oapita
561 3103 677 3168 dieitur
700 3103 814 3168 baculo
836 3099 1024 3168 decessisse.
1067 3101 1289 3192 loseoogooto
1346 3099 1347 3153 i

275 3215 549 3316 exspectandoque
570 3247 758 3312 responsum
779 3223 919 3314 nuncius
941 3225 1106 3306 fessus,ut
1129 3249 1165 3291 re
1180 3227 1287 3314 impes·

267 3359 349 3420 ieotd
362 3352 443 3418 redit
458 3350 600 3415 Gabios:
623 3371 695 3436 qum
712 3347 825 3414 dixerit
849 3349 927 3436 ipse,
943 3369 1079 3436 qumque
1094 3349 1219 3434 viderit,
1242 3369 1292 3416 res.
1345 3369 1346 3383 ¹

267 3477 350 3538 lert:
372 3493 427 3540 sen
447 3473 505 3552 issi,
529 3491 583 3536 seu
602 3471 681 3567 odio,
701 3493 755 3536 seu
783 3470 924 3554 erpotis
943 3471 1037 3538 insitii
1067 3471 1202 3557 isagerrio,
1228 3469 1287 3536 nal·

270 3597 332 3662 bru
352 3616 422 3666 eum
440 3617 542 3662 vocem
561 3594 701 3661 emisisse.
745 3593 844 3658 Sexto
865 3593 921 3658 ubi
944 3593 1020 3678 quid
1047 3595 1143 3658 vellet
1170 3611 1285 3690 paraus,
1344 3583 1345 3611 ³

268 3717 384 3806 quidve
397 3717 583 3806 preciperet
598 3714 913 3814 troitiqstqbegibus,
929 3713 1054 3822 potuit;
1077 3715 1230 3802 primores
1244 3714 1284 3780 oi·
1343 3813 1344 3841 q
