2804 4524
245 313 264 370 8
602 302 654 368 Es
678 301 916 370 M.T1J1.1.10

244 475 381 547 libenter
404 477 584 553 audieruut.
630 477 825 543 Puuverunt
850 475 938 539 enim
963 472 1051 556 eum,
1079 473 1117 556 si,
1147 497 1212 560 quo
1235 472 1271 538 in

240 621 357 684 genere
382 599 554 684 plurimum
579 609 701 686 posset,
728 599 824 664 ineo
847 597 1041 682 magnopere
1066 599 1269 670 elaborasset.

241 723 407 810 egregium
422 723 483 794 sibi
503 743 586 808 opus
606 723 662 786 illo
682 723 715 786 in
730 724 805 786 fano
820 723 1018 786 relicturum.
1062 721 1178 806 Neque
1201 729 1271 784 tum

240 867 294 912 eos
318 847 374 912 illa
393 847 502 930 opinio
526 845 650 909 fefellit.
695 845 780 908 Nam
803 843 923 908 Zeuxis
946 843 1031 908 illico
1054 841 1201 928 quesivit
1225 843 1266 906 ab

238 966 297 1045 eis,
312 987 464 1050 quasnam
479 965 615 1050 virgines
632 967 784 1028 formosos
799 964 966 1028 haberent.
1010 961 1063 1028 llli
1077 971 1186 1026 autem
1200 969 1267 1026 stn-

242 1089 301 1154 tim
325 1088 490 1152 hominem
514 1088 674 1152 duxerunt
700 1088 732 1151 in
759 1087 950 1172 palestram,
981 1095 1076 1170 atque
1102 1085 1131 1148 ei
1157 1106 1273 1170 pueros

239 1213 450 1276 ostenderunt
468 1183 597 1288 multos,
619 1214 736 1296 magni
750 1210 900 1295 prmditos
913 1209 1082 1294 dignitate.
1130 1207 1271 1294 (Etenim

239 1335 378 1421 quodam
394 1345 537 1420 tempore
551 1333 748 1400 Crotoniates
763 1335 902 1400 multum
923 1333 1084 1414 omnibus,
1100 1353 1268 1416 corporum

239 1453 359 1532 viribus
372 1465 407 1520 et
426 1455 636 1540 dignitatibus
653 1463 897 1535 antestetemnt,
917 1464 1012 1540 etque
1027 1452 1268 1518 honestissiman

236 1601 277 1645 ex
289 1579 439 1665 gymnico
450 1579 622 1644 certamine
634 1577 782 1644 victorias
797 1579 928 1642 domum
941 1599 1015 1642 cum
1028 1578 1164 1642 maxime
1175 1575 1268 1640 leude

236 1703 440 1784 retulerunt.)
498 1701 580 1764 Cum
607 1721 777 1784 puerorum
804 1699 902 1782 igitur
930 1701 1046 1762 formas
1076 1711 1108 1762 et
1137 1719 1269 1782 corpere

238 1846 355 1910 magno
370 1824 423 1886 hic
439 1843 534 1908 opere
549 1821 715 1886 miraretur
724 1845 733 1900 3
752 1821 890 1898 Homm,
906 1820 1056 1904 inquiunt
1072 1820 1131 1900 illi,
1144 1841 1266 1886 sorores

238 1953 314 2008 sunt
338 1943 422 2027 apud
444 1964 503 2006 nos
525 1941 674 2025 virgines.
709 1935 835 2022 Quare,
857 1946 922 2028 qul
941 1941 1006 2006 sint
1020 1940 1084 2016 illae
1099 1941 1266 2027 dignitate,

237 2076 328 2152 potes
349 2087 390 2130 ex
408 2065 459 2130 his
475 2065 641 2152 suspicari.
686 2065 829 2130 Praebete
848 2065 947 2149 igitur
966 2066 1056 2146 mihi,
1074 2089 1194 2154 quaeso,
1213 2069 1267 2130 in-

236 2189 318 2276 quit,
330 2211 369 2288 qs
380 2187 449 2253 istis
461 2187 637 2272 virginibus
649 2187 903 2267 formosissimas,
918 2189 994 2254 dum
1009 2189 1109 2282 pingo
1124 2191 1166 2278 td,
1181 2191 1280 2276 quod·

235 2309 398 2397 pollicitus
413 2333 485 2376 sum
499 2311 601 2390 vobis,
616 2319 653 2374 ut
668 2321 795 2376 mutum
810 2311 844 2374 in
859 2309 1064 2382 simulacrum
1079 2335 1119 2378 ex
1134 2313 1265 2380 animali
1318 2321 1320 2324 ’

234 2434 381 2518 exemplo
403 2432 518 2496 veritas
537 2433 755 2496 transferatur.
799 2431 893 2496 Tunc
916 2431 1112 2499 Crotoniatae
1132 2435 1266 2520 publico

235 2554 275 2618 de
296 2553 431 2617 consilio
446 2551 584 2638 virgines
598 2575 699 2620 unum
714 2551 747 2616 in
762 2556 869 2618 locum
885 2554 1120 2637 conduxerunt,
1142 2565 1175 2619 et
1196 2555 1265 2642 pie.

234 2676 308 2758 tori,
321 2699 399 2762 quas
411 2677 518 2756 vellet,
529 2675 665 2760 eligendi
677 2683 868 2762 potestatem
881 2675 1049 2744 dederunt.
1083 2678 1143 2743 Ille
1155 2690 1263 2760 autem

140 2781 144 2792 ¹
234 2797 375 2888 quinque
397 2797 527 2882 delegit,
550 2819 684 2884 quarum
709 2797 839 2862 nomina
858 2799 951 2870 multi
974 2809 1079 2886 poltae
1102 2802 1265 2866 memorie

236 2920 443 2998 tradiderunt,
459 2923 544 3004 qood
560 2919 629 3006 ejus
644 2930 751 2994 essent
760 2919 883 3006 judicio
898 2923 1051 3004 probate,
1067 2923 1122 3006 qui
1138 2903 1266 2986 verissi-

233 3061 323 3106 mum
343 3039 592 3124 pulchritudinis
612 3043 728 3116 habere
747 3039 907 3126 judicium
930 3041 1103 3108 debuisset.
1147 3043 1263 3151 Neque

233 3163 319 3228 enim
330 3163 468 3252 putavit,
482 3162 601 3242 omnia,
616 3185 689 3250 quae
700 3171 856 3247 quereret
870 3163 909 3225 ad
923 3174 1136 3246 venustatem,
1148 3189 1215 3232 uno
1228 3168 1262 3248 in

234 3271 363 3374 corpore
378 3307 412 3350 se
427 3284 561 3372 reperire
576 3307 690 3370 posse3
711 3284 782 3349 ideo
797 3285 882 3370 quod
898 3285 979 3350 nihil
995 3287 1133 3373 simplici
1148 3290 1183 3354 in
1205 3313 1262 3378 go,

230 3431 304 3474 nere
328 3408 477 3474 omnibus
506 3429 546 3470 ex
575 3407 717 3492 partibus
743 3409 922 3505 perfectum
949 3419 1062 3474 natura
1090 3414 1258 3498 expolivit.

230 3531 354 3617 Itaque,
375 3543 526 3614 tanquam
546 3527 667 3592 eaeteris
684 3549 748 3592 non
764 3528 805 3592 sit
820 3528 976 3612 habitum,
1000 3532 1084 3617 quod
1099 3533 1261 3626 largimus·

231 3653 259 3719 si
283 3652 340 3716 uni
355 3663 477 3745 cuncta·
485 3649 687 3730 concesserit,
711 3650 798 3716 aliud
819 3651 871 3716 ulii
895 3654 1054 3720 commodi
1076 3655 1183 3740 aliquo
1202 3657 1259 3722 ad-

226 3780 342 3876 juncto
364 3779 567 3846 incommodo
591 3787 786 3844 muneratur.
