2804 4524
264 269 307 346 tr
621 273 675 338 Ee
696 271 747 338 ur.
768 271 935 341 Tubulo

263 443 528 530 fragilitatemque
543 447 759 514 extimescere.
785 427 903 516 Vereor
916 452 1013 534 enim,
1027 475 1068 518 ne
1083 466 1204 538 nutura,
1224 461 1310 528 cem

264 591 395 656 corpore
408 573 502 636 nobis
516 573 640 640 infirme
653 574 800 656 dedisset,
819 577 920 664 iisque
940 589 973 642 et
992 583 1120 646 morbos
1140 581 1313 650 insanabi-

263 693 322 776 les,
334 704 367 760 et
381 693 504 761 dolores
520 693 733 764 intolerabiles
749 697 956 787 adjunxisset,
968 703 1091 768 errimus
1102 723 1230 790 queque
1244 705 1312 771 de-

263 815 345 882 derit
359 825 392 882 et
406 839 574 902 corporum
588 817 749 886 doloribus
764 833 990 907 congruentes,
1004 832 1039 889 et
1052 823 1218 910 seperatim
1235 826 1313 894 suis

263 941 435 1025 angoribus
450 951 484 1006 et
497 939 650 1008 molestiis
665 943 853 1032 implicetur.

309 1069 373 1132 Sed
398 1069 432 1134 ln
455 1069 517 1132 hoe
539 1089 590 1134 me
613 1070 680 1156 ipse
704 1069 838 1156 castigo,
855 1071 947 1157 qubd
972 1093 1011 1138 ex
1034 1069 1179 1152 eliorum,
1205 1077 1239 1137 et
1261 1093 1312 1140 ex

266 1179 372 1258 bostri
388 1195 519 1257 sonasse
533 1193 679 1274 mollitie,
695 1215 760 1258 non
774 1213 813 1258 ex
828 1192 894 1279 lpsl
907 1191 1033 1273 virtute,
1050 1193 1088 1258 de
1101 1192 1227 1258 virtutis
1241 1215 1305 1260 ro·

269 1313 344 1381 bore
363 1317 523 1382 exietlmo.
567 1317 626 1382 Ille
647 1317 745 1397 enim,
767 1318 794 1381 si
815 1317 909 1384 modo
924 1325 973 1382 est
995 1317 1172 1382 ullavlrtus
1191 1319 1306 1402 (quum

266 1435 498 1504 dubitationem
514 1443 690 1504 avunculus
702 1451 788 1520 tuus,
803 1439 916 1520 Brute,
932 1437 1074 1519 sustulit)
1093 1435 1211 1520 omnis,
1226 1459 1308 1525 qum

265 1559 377 1626 cudere
392 1561 425 1624 in
439 1561 600 1626 hominem
615 1572 761 1646 possunt,
774 1562 883 1625 subter
894 1581 928 1624 se
940 1560 1056 1640 hebet3
1080 1579 1180 1646 eaque
1192 1561 1305 1654 despi-

266 1683 365 1764 ciens,
379 1705 471 1750 cesus
485 1683 662 1750 contemnit
689 1687 867 1766 humanos,
891 1686 1047 1770 culplque
1070 1683 1159 1749 omni
1180 1681 1306 1766 cerens,

266 1813 381 1890 prester
406 1825 439 1870 se
454 1805 553 1888 ipsam
578 1803 659 1869 nibil
674 1813 783 1869 censet
797 1803 837 1867 ed
851 1803 1064 1889 sepertinere.
1108 1803 1178 1868 Nos
1193 1814 1306 1872 eutem

265 1927 374 1996 omnis
388 1927 527 2008 secem,
542 1939 611 1994 tum
623 1927 783 1994 venientis
797 1939 885 1993 metu
902 1937 1067 2013 argema,
1081 1938 1151 1994 tnm
1165 1949 1305 1995 moerore

264 2049 445 2138 praesentin,
458 2071 563 2116 rerum
577 2059 732 2132 oriturum,
755 2052 850 2136 quim
873 2071 1007 2118 errorem
1028 2061 1186 2134 noenum,
1210 2053 1305 2121 dem·
1386 2091 1387 2110 ,

196 2191 205 2202 ·
262 2191 338 2240 uere
350 2176 521 2239 malumus.

266 2339 271 2352 ·
308 2303 374 2368 Sed
387 2315 420 2369 et
433 2302 530 2390 hujus
543 2305 659 2390 culpes,
672 2315 704 2370 et
716 2315 901 2372 caeterorum
918 2303 1066 2372 vitiorum
1078 2316 1303 2392 peccaturum-

266 2437 531 2513 quenostrorum,
546 2429 650 2494 omnis
665 2431 683 2494 1
698 2427 900 2516 philosophie
912 2429 1048 2516 petendo
1064 2431 1216 2496 correctio
1232 2441 1297 2498 est.
1386 2467 1387 2522 l

266 2552 369 2640 Cujus
393 2554 425 2619 in
450 2555 556 2619 sinum
578 2556 651 2619 edm
676 2559 695 2619 b
717 2553 826 2640 primis
851 2555 1047 2640 temporibus
1071 2555 1175 2620 etatis
1190 2563 1302 2620 nostru

265 2683 413 2745 voluntas
428 2679 632 2766 studiumque
647 2697 707 2744 nos
722 2679 929 2762 contulissem
953 2679 1001 2743 his
1011 2677 1202 2762 grus-issimis
1216 2677 1300 2744 cusi-

263 2803 328 2867 bus
342 2801 373 2866 ln
387 2803 521 2866 eundem
537 2811 678 2888 portum,
690 2823 730 2866 cx
744 2821 807 2888 quo
818 2823 941 2866 eremus
957 2799 1086 2884 egressi,
1102 2805 1216 2884 magnit
1227 2797 1300 2887 je!-

264 2921 323 2985 nri
339 2931 526 3005 tempestate
540 2921 757 3005 confugimus.
801 2920 920 2984 ovitae
935 2917 1141 3004 philosophia
1155 2916 1242 2984 dux!
1264 2921 1301 2983 O
1386 2905 1387 2956 l

263 3043 418 3108 nussum
444 3043 634 3129 indagatrix,
662 3041 883 3130 expultrlane
912 3041 1082 3108 sotiorum!
1121 3042 1197 3130 qnid
1233 3061 1299 3108 non
1350 3111 1353 3116 ,
1386 3041 1387 3128 l

263 3167 360 3234 modb
371 3187 442 3247 nos,
453 3170 509 3232 sed
521 3167 652 3233 omnino
663 3167 728 3232 vita
741 3165 987 3231 hominumsine
998 3165 1298 3254 teesscpotuissetl
1386 3221 1387 3238 ,

263 3301 302 3358 tu
313 3293 406 3357 urbes
415 3262 583 3376 peperisti:
600 3301 636 3356 tn
646 3287 814 3376 dissipatos
826 3291 973 3356 homines
983 3289 1016 3355 in
1026 3289 1211 3356 societatem
1223 3289 1298 3368 vitre

263 3413 468 3480 convocdsti:
493 3423 530 3477 tu
545 3435 599 3478 eos
616 3411 701 3478 inter
714 3435 748 3478 se
762 3415 864 3499 prirnd
880 3413 1061 3494 domiciliis,
1082 3413 1196 3479 deinde
1218 3433 1299 3480 eon·
1386 3469 1387 3476 ,

258 3533 381 3622 jugiis;
405 3548 475 3602 tum
489 3537 650 3602 literarum
666 3547 697 3600 et
710 3557 827 3601 vocum
842 3535 1067 3600 communione
1078 3533 1237 3622 junxisti:
1261 3545 1300 3600 tn

261 3659 419 3726 inventrix
443 3663 562 3745 legum,
584 3669 622 3724 tn
644 3661 795 3745 magistre
810 3679 935 3725 murum
950 3667 983 3723 et
998 3657 1177 3742 disciplinae
1194 3657 1296 3723 luisti.

262 3783 315 3850 Ad
330 3773 602 3870 te'conlugimuse
625 3787 644 3849 i
660 3793 690 3848 te
703 3805 797 3871 opem
811 3783 950 3870 petimus
964 3807 974 3848 e
998 3781 1056 3848 tibi
1070 3801 1140 3862 nos,
1156 3789 1193 3846 ut
1204 3789 1299 3846 antee

260 3910 380 3997 magni
394 3929 434 3976 err
449 3920 550 3997 perte,
565 3909 612 3976 sic
627 3929 713 3976 nunc
727 3907 855 3997 penitis
870 3915 1017 3994 totosque
1032 3905 1198 3974 tradimus.
1234 3903 1298 3971 Est
