2750 4510
484 249 693 319 mutto.
1046 253 1106 328 ιε]

80 427 206 496 nubas
221 433 332 510 postea
346 434 411 490 tam
425 425 584 510 popularis
603 436 696 504 esset,
710 407 809 511 quam
823 434 891 488 tum
908 426 988 489 bene
1003 424 1120 512 impet

80 550 184 614 raudo
200 546 364 612 universus
378 555 506 610 senatus
521 545 595 608 fuit.

124 669 235 738 Quum
251 667 357 730 hostes
371 665 526 743 adessent,
538 686 596 749 pro
610 685 644 728 se
658 663 790 749 quisque
802 663 834 726 in
847 665 956 728 urbem
970 685 1010 728 cx
1024 665 1106 748 agris

80 789 282 874 demigrant:
305 791 415 852 urbem
439 787 539 872 ipsum
563 786 691 872 sepiunt
712 785 887 872 praesidiis:
917 787 979 852 alia
997 787 1107 867 muris,

83 915 148 979 alia
161 914 269 978 Tiberi
292 912 418 1000 objecto
441 913 627 978 ridebantur
649 921 728 1000 tute.
773 910 857 976 Pons
873 883 1024 978 sublicius
1047 911 1107 980 iter

83 1041 169 1124 pene
184 1037 330 1102 hostibus
345 1035 442 1116 dedit,
458 1037 491 1102 ni
507 1041 590 1102 unus
604 1038 651 1102 vir
667 1025 791 1116 sitisset,
808 1035 960 1100 Horatius
975 1035 1087 1100 Cocles
1096 1058 1108 1114 ;

90 1159 138 1244 (id
162 1159 396 1224 munimentum
417 1160 473 1223 illo
486 1159 537 1224 die
551 1161 679 1234 fortuna
692 1159 779 1222 urbis
795 1158 947 1224 Romante
962 1157 1072 1223 habuit
1083 1159 1106 1240 t)

89 1282 159 1368 qui,
182 1282 306 1366 positus
321 1282 403 1346 forte
419 1281 452 1345 in
462 1281 596 1346 statione
611 1280 728 1366 pontis,
743 1303 841 1366 quum
857 1293 985 1366 captum
1000 1303 1112 1368 repen-

88 1401 160 1466 tino
173 1401 297 1486 impetu
310 1399 506 1481 tuniculam,
526 1412 621 1485 atque
644 1401 718 1466 inde
733 1401 844 1466 citatos
859 1404 1026 1472 decurrere,
1036 1406 1112 1469 hos·

88 1531 138 1584 tes
151 1517 295 1600 vidisset,
310 1520 525 1605 trepidamque
540 1521 666 1584 turbam
683 1541 812 1584 suorum
827 1542 913 1584 arma
928 1521 1113 1607 ordinesque

88 1638 278 1724 relinquere,
292 1640 519 1726 reprehensans
535 1639 689 1724 singulos,
705 1639 874 1719 obsistens,
889 1642 1113 1725 obtestansque
1163 1707 1166 1717 f

88 1761 198 1828 Dedm
214 1771 247 1823 ct
260 1759 427 1832 bominum
441 1759 547 1841 fidem,
571 1762 762 1840 testabatur3
784 1763 979 1847 nequicquam
999 1762 1117 1828 deserto

86 1885 233 1970 presidio
248 1879 427 1969 confugere.
472 1883 508 1948 st
521 1884 682 1948 transitum
699 1893 823 1968 pontem
844 1887 964 1970 dtergo
979 1885 1114 1970 reliquit-

85 2017 164 2087 tert,
176 2005 252 2091 jam
272 2005 341 2090 pto
364 2006 493 2072 boetimrt
514 2007 546 2070 in
570 2005 697 2070 Palatio
722 2007 937 2093 Capitolioque,
961 2011 1052 2095 qudm
1083 2008 1116 2072 in

89 2125 322 2210 somnusue.
365 2127 476 2212 ltaque
489 2149 618 2210 ntoncre,
637 2130 812 2213 precipere,
835 2141 870 2194 ut
886 2127 1114 2214 pontcmserro,

93 2254 173 2339 igni,
186 2251 363 2338 qudcunque
374 2253 407 2316 oi
416 2263 550 2334 portent,
564 2254 793 2336 interrurnpant.
839 2254 880 2317 Se
892 2255 1036 2336 impetam
1047 2257 1119 2318 boa-

94 2379 181 2456 tbon,
194 2385 341 2460 quantam
354 2395 480 2458 cotporc
493 2397 552 2440 nno
563 2386 665 2458 portet
676 2377 789 2456 obsisti,
801 2387 1003 2460 excepturum.
1026 2377 1122 2442 Vadit

92 2499 168 2564 iude
182 2497 216 2564 iu
226 2497 365 2584 primum
374 2497 494 2564 editum
503 2499 626 2582 pontis:
649 2498 845 2583 insignisque
858 2495 939 2562 inter
948 2509 1119 2582 conspecta

94 2621 276 2688 cedentium
291 2641 408 2706 pugnat
433 2630 531 2704 terga,
554 2620 693 2682 obversis
719 2621 863 2683 cominus
888 2620 924 2682 ad
942 2620 1116 2684 ineundum

96 2745 246 2832 prelium
260 2743 368 2824 armis,
381 2743 452 2830 ipso
464 2742 617 2808 miraculo
628 2727 767 2806 audacie
780 2742 992 2825 obstupefecit
1004 2743 1121 2808 hostes.

100 2869 197 2934 Duos
208 2877 313 2933 tumen
326 2887 399 2930 cum
412 2885 451 2930 eo
470 2865 573 2951 pudor
586 2863 701 2944 tenuit,
714 2865 769 2950 Sp.
780 2864 923 2928 Lartium
932 2885 972 2960 lac
984 2864 1023 2928 T.
1038 2865 1124 2930 Her-

100 2988 251 3069 minium,
264 2991 374 3052 ambos
387 2990 487 3054 claros
498 3009 612 3072 genere
623 2988 787 3073 lactisque.
832 2989 914 3052 Cum
926 2987 974 3052 his
987 2991 1123 3074 primam

99 3111 235 3200 periculi
248 3113 430 3198 procellam,
436 3122 474 3174 *et
486 3109 571 3196 quod
582 3110 905 3206 tumultuosissimum
918 3091 1036 3195 pudnae
1047 3123 1124 3192 erat,

101 3255 271 3324 parumper
284 3233 446 3300 sustinuit.
468 3233 594 3298 Deinde
610 3251 663 3298 eos
676 3249 801 3320 quoque
812 3233 907 3322 ipsos,
916 3235 1031 3318 exigui
1041 3246 1128 3320 parte

104 3359 214 3446 pontis
224 3357 344 3437 relicti,
356 3357 576 3424 revocantibus
589 3359 644 3440 qui
656 3358 886 3438 rescindebant,
901 3359 1009 3422 cedere
1024 3359 1056 3421 in
1073 3371 1126 3424 tu-

104 3494 176 3552 tum
187 3477 304 3562 coegit.
348 3477 579 3546 Circumferens
592 3479 664 3542 intle
676 3491 782 3544 truces
795 3481 958 3546 minaciter
969 3483 1077 3547 oculos
1090 3485 1129 3548 ad

105 3621 252 3688 proceres
267 3597 487 3680 Etruscorum,
507 3619 594 3662 nune
618 3598 759 3684 singulos
783 3621 963 3684 provocare,
979 3577 1065 3667 nunc
1081 3605 1130 3668 in-

109 3743 236 3810 crepare
259 3741 381 3801 omnes,
397 3721 534 3786 Seruitia·
551 3741 655 3806 regunt
677 3699 880 3804 superborum,
901 3743 965 3786 attoe
990 3723 1133 3790 libertatis

108 3849 308 3928 immemores,
322 3843 454 3912 aberam
467 3853 675 3938 oppugnatum
688 3845 796 3910 tenire.
819 3843 967 3910 Cunctnti
981 3846 1132 3932 aliquant-
