2756 4484
425 213 479 278 Ee
501 209 739 280 CICERONE.
1032 217 1097 278 869

54 384 138 450 viris
162 385 337 472 accepisti,¹
347 385 402 450 sed
417 386 472 494 illa
491 385 598 464 etiam,
614 407 685 472 quae
700 385 767 472 ipse
782 383 911 487 ingenio
925 384 1095 470 studioque

56 507 227 594 peperisti.
270 510 352 578 Quae
374 510 399 573 si
416 508 558 593 colliges,
574 519 606 574 et
621 499 885 594 sperabisomnia
907 508 1039 593 optime,
1062 517 1096 574 et

55 649 135 714 quae
161 627 318 708 accident,
333 628 563 714 qualiacunque
587 637 690 707 emnt,
713 627 871 712 sapienter
893 629 985 692 feres.
1030 625 1095 690 Sed
1178 683 1181 690 r

54 749 132 816 llaec
154 760 191 816 tu
211 751 337 831 metius,
352 752 402 814 vel
424 749 543 835 optime
564 750 721 816 omnium.
763 749 836 834 Ego
851 771 923 835 quoe
938 748 1095 834 pertinere

55 873 99 938 ad
116 884 149 938 te
162 873 348 958 intelligam,
361 873 588 940 studiosissime
601 873 708 938 omnia
719 872 1022 958 diligentissimeque
1037 893 1095 936 cu·

57 973 141 1060 rabo
149 1018 160 1076 ς
184 1006 374 1088 tuorumque
388 993 568 1060 tristissimo
583 1014 655 1058 meo
671 1005 812 1080 tempore
826 991 1007 1058 meritorum
1022 1009 1097 1074 erga

58 1129 115 1182 me
131 1115 315 1182 memoriam
331 1120 534 1186 conservabo.
570 1114 660 1180 Vale.

482 1403 671 1418 ᾞ

179 1603 438 1696 Aaouuaurusr
453 1601 567 1666 Errsr.
582 1601 659 1668 ΧΠ.
682 1599 753 1664 Lib.
769 1598 809 1664 ll.
823 1600 862 1664 ad
876 1599 983 1665 FAM.

67 1797 242 1876 Lucceium,
266 1797 459 1863 historiarum
483 1799 670 1883 scriptorem,
692 1807 796 1884 rogat,
816 1807 851 1862 at
870 1773 1012 1862 derebus
1034 1799 1101 1862 dee

111 1917 143 1981 ia
164 1917 322 1982 comulatu
346 1919 444 2004 gestis
465 1928 640 2002 separatam
665 1917 803 1982 colatiora
832 1917 994 2000 conficiam
1020 1919 1102 2006 qaod

112 2039 257 2106 illustrius
270 2041 440 2107 videbatur.

107 2212 139 2320 J
231 2231 383 2300 unc.
427 2232 679 2302 nnucoaro
700 2233 797 2306 or.
840 2233 933 2301 so.

70 2359 262 2482 CORAM
285 2437 336 2478 me
352 2427 459 2480 tecum
484 2417 592 2481 eadem
612 2417 682 2480 haec
704 2438 798 2507 ¹agere
825 2441 908 2504 soepe
931 2434 1101 2491 conantem

60 2525 215 2594 deterruit
229 2523 331 2610 pudor
351 2523 478 2610 quidam
500 2529 582 2608 pene
604 2527 814 2610 subrusticus,
837 2549 909 2612 quae
933 2551 1019 2596 nunc
1041 2555 1099 2597 ex-

64 2669 210 2742 promam
232 2649 346 2712 absens
368 2644 539 2710 audacius:
568 2645 715 2733 Epistola
734 2647 820 2714 enim
844 2672 909 2714 uon
933 2655 1101 2720 erubescit.

61 2773 170 2840 Ardeo
182 2766 355 2858 cupiditate
371 2764 560 2850 incredibili,
576 2789 691 2854 neque,
707 2779 743 2835 ut
758 2793 817 2855 ego
832 2773 976 2856 arbitror,
991 2799 1100 2864 repre·

62 2893 244 2975 hendendb,
267 2911 384 2958 nomen
398 2902 434 2957 ut
458 2901 602 2956 nostrum
618 2891 742 2988 scriptis
757 2893 934 2961 illustretur
956 2909 989 2964 et
1012 2903 1098 2967 cele·

61 3025 173 3088 bretur
187 3017 270 3098 tuis3
294 3012 377 3104 quod
393 3015 452 3080 etsi
461 3013 540 3082 mihi
553 3037 636 3101 saepe
650 3017 790 3082 ostendis
802 3027 834 3082 te
849 3023 1098 3108 esselacturum,

70 3154 175 3209 tamen
191 3140 337 3226 ignoscas
353 3135 445 3202 velim
458 3135 534 3202 huic
549 3137 745 3202 festinationi
761 3160 852 3206 meae.
887 3141 998 3209 Genus
1014 3145 1103 3212 enim

67 3265 254 3352 scriptorum
269 3273 410 3343 tuorum,
426 3259 483 3326 etsi
499 3269 565 3325 erat
580 3283 703 3347 semper
718 3265 736 3327 l
752 3285 803 3328 me
818 3265 1022 3334 vehementer
1043 3293 1101 3336 ex-

64 3399 255 3478 spectatum,
279 3397 385 3452 tamen
407 3383 483 3450 vicit
497 3383 680 3478 opinionem
705 3407 820 3468 meam,
843 3411 955 3476 meque
982 3391 1028 3458 ita
1051 3395 1100 3461 vel

63 3512 160 3600 cepit,
173 3513 223 3576 vel
238 3511 389 3592 incendit,
405 3521 443 3576 ut
457 3529 602 3595 cuperem
619 3507 716 3596 quam
732 3511 892 3576 celerrime
909 3537 958 3578 res
974 3527 1097 3581 nostras

71 3635 287 3704 monumentis
317 3633 531 3700 commendari
554 3633 628 3700 tuis.
673 3633 788 3720 Neque
812 3635 896 3700 enim
922 3661 973 3703 mc
997 3638 1125 3706 soldm'

70 3759 327 3828 commemoratio
342 3757 535 3846 posteritatis
553 3757 592 3822 ad
606 3779 694 3846 spem
711 3759 867 3844 quandam
883 3761 1114 3854 immortalita-¹

66 3887 108 3952 tis
129 3883 208 3972 rapit
217 3907 227 3965 3
251 3883 415 3949 sedetiam
431 3881 486 3948 illa
500 3881 667 3970 cupiditas,
690 3883 740 3948 vel
756 3893 791 3948 ut
806 3885 994 3952 auctoritate
1011 3887 1101 3954 testi-

556 4011 576 4070 8
591 4003 620 4070 Β
