2804 4524
219 299 258 362 10
397 347 410 371 ,
570 287 887 356 matutinum
985 313 986 318 ¹

216 465 313 530 vitate
327 471 360 528 et
374 463 526 528 brevitate
541 463 666 534 dicendi
680 460 845 548 praestitit,
863 471 900 526 ut
915 483 1009 526 nemo
1021 461 1148 530 iliorum
1164 481 1247 548 prae·

218 593 311 675 cepto
322 606 361 648 err
373 584 516 672 ipsorum
529 583 616 648 libris
629 593 812 670 cognoscat,
824 583 878 650 sed
891 604 1014 664 omnes,
1026 581 1095 670 qui,
1104 582 1189 670 quod
1201 582 1249 649 ilii

217 708 418 794 precipiunt,
433 707 533 774 velint
547 707 735 794 intelligere,
756 707 795 772 ad
810 707 907 788 hunc,
930 706 1020 793 quasi
1036 707 1075 771 ad
1090 705 1248 798 quendam

218 833 322 897 multo
347 830 593 897 commodiorem
624 799 861 914 explicatorern,
893 839 1098 894 revertantur.
1142 826 1250 912 Atque

152 999 157 1008 -
219 953 272 1018 hic
288 953 417 1040 quidem
433 953 513 1040 ipse,
528 962 561 1018 et
577 974 644 1018 sese
660 952 765 1038 ipsum
783 951 887 1030 nobis,
910 961 942 1018 et
961 971 1028 1030 eos,
1049 949 1194 1035 quiante
1213 969 1247 1012 se

220 1079 359 1156 fuerant,
370 1075 404 1142 in
417 1075 522 1150 medio
531 1075 651 1164 posuit,
663 1084 699 1140 ut
710 1082 854 1153 ceteros,
864 1083 896 1138 ct
907 1073 1047 1158 seipsum
1059 1093 1117 1161 per
1127 1094 1161 1140 se
1170 1093 1248 1161 cog-

221 1219 433 1266 nosceremus.
477 1200 529 1267 Ab
546 1199 608 1262 hoc
621 1207 727 1264 autern
744 1196 800 1282 qui
813 1195 949 1282 profecti
966 1205 1250 1282 sunt,quanqua1n

221 1319 255 1382 in
278 1319 424 1386 maximis
447 1318 659 1406 philosophico
681 1317 825 1404 partibus
847 1337 951 1404 operae
972 1315 1146 1402 plurimum
1169 1337 1249 1384 con,-

220 1453 435 1530 sumpserunt,
444 1443 528 1508 sicut
540 1453 574 1510 et
584 1442 664 1530 ipse,
673 1440 766 1530 oujm
774 1441 921 1510 instituto
930 1443 1153 1527 sequebantur,
1161 1441 1259 1506 lece,

93 1559 102 1580 ⁹
220 1573 288 1644 rat3
312 1573 418 1635 tamen
440 1565 601 1650 permulta
623 1565 714 1632 nobis
732 1573 892 1652 praecepta
906 1563 1032 1630 dicendi
1042 1561 1251 1648 reliquerunt.

221 1689 330 1775 Atque
342 1688 396 1754 alii
409 1709 536 1774 quoque
544 1687 607 1754 alio
616 1708 656 1752 ex
664 1689 752 1752 sonte
765 1694 975 1772 preceptores
987 1683 1113 1752 dicendi
1121 1703 1250 1752 emano·

221 1821 346 1890 verunt,
360 1809 414 1896 qui
427 1809 505 1874 item
517 1811 713 1896 permultum
728 1807 768 1874 ad
778 1808 959 1890 dicendum,
976 1809 1002 1874 si
1018 1809 1095 1896 quid
1109 1831 1158 1876 ars
1172 1833 1250 1898 pro·

222 1929 301 2010 licit,
315 1923 463 2017 opitulati
477 1936 566 1994 sunt.
610 1927 696 1993 Nem
710 1927 773 1992 fuit
788 1935 929 2016 ternpore
941 1929 1064 2012 eodem,
1080 1952 1144 2016 quo
1158 1931 1251 1998 Aris-

221 2057 348 2134 toteles,
363 2076 499 2141 magnus
521 2063 555 2120 et
576 2051 694 2120 nobilis
716 2051 823 2119 rhetor
837 2052 1014 2134 Isocratem
1037 2051 1129 2141 cujus
1148 2053 1251 2142 ipsius
1306 2141 1308 2146 ,

222 2195 317 2267 quam
333 2183 458 2246 constet
472 2195 541 2240 esse
553 2181 664 2254 artem,
679 2195 745 2242 non
753 2171 950 2242 invenimus.
993 2173 1063 2240 Nos
1077 2173 1169 2242 nobis
1181 2197 1253 2242 om·

223 2313 293 2376 nes,
308 2293 413 2380 quoad
429 2294 563 2362 facultas
578 2291 664 2374 tulit,
685 2290 921 2380 proposuimus,
940 2302 973 2358 et
991 2314 1030 2356 cx
1045 2303 1155 2386 nostro
1170 2315 1251 2382 quo-

221 2437 284 2508 qne
296 2415 444 2482 nonnihil
456 2415 489 2484 in
502 2437 671 2489 commune
683 2415 890 2494 contulimus.
928 2415 1022 2486 Quod
1036 2417 1064 2482 si
1075 2439 1122 2501 ea,
1133 2395 1252 2508 quein

220 2539 272 2632 llis
286 2539 373 2623 libris
389 2548 606 2628 exponuntur,
627 2548 792 2625 tantopere
811 2538 957 2626 eligenda
975 2539 1117 2627 fuerunt,
1132 2556 1254 2632 quanto

221 2664 330 2733 studio
345 2666 445 2730 eleeto
460 2673 549 2744 sunt,
564 2664 706 2748 prolecto
721 2683 825 2750 neque
840 2685 910 2750 nos,
924 2685 1027 2752 neque
1046 2667 1124 2734 alios
1138 2667 1250 2736 indns-
1314 2715 1316 2720 ·

221 2788 292 2852 triae
303 2797 421 2854 nostrae
436 2785 621 2876 poenitebit.
655 2787 712 2854 Siu
728 2797 835 2856 autern
850 2795 968 2856 temere
984 2789 1103 2876 aliquid
1117 2790 1253 2878 alicujus

222 2909 422 3000 praeteriisse,
435 2921 564 2981 autnon
578 2911 653 2980 satis
666 2911 828 2994 eleganter
839 2913 940 2979 secuti
953 2911 1129 2976 videbimur
1137 2937 1149 2994 3
1165 2913 1252 2980 docti
1286 2919 1289 2928 '

223 3033 263 3098 ab
287 3031 405 3118 aliquo,
428 3033 519 3098 facile
542 3041 574 3096 et
596 3032 733 3098 libenter
758 3031 949 3098 sententiam
976 3034 1253 3110 commutabimus.

220 3153 298 3219 Non
310 3153 395 3221 enim
410 3157 520 3238 parurn
534 3159 699 3238 cognosse,
712 3153 768 3220 sed
782 3153 815 3220 iu
829 3157 941 3242 porum
954 3153 1083 3242 cognito
1097 3159 1196 3226 stulte
1218 3169 1253 3226 et

222 3276 279 3342 diu
298 3281 523 3364 perseverasse,
539 3287 630 3364 turpe
643 3288 710 3344 cst:
734 3289 900 3366 propterea
914 3280 999 3369 quod
1014 3283 1148 3350 alterum
1163 3305 1253 3350 corn-
1326 3297 1338 3328 ‘

223 3398 314 3464 muni
334 3397 499 3464 hominurn
520 3395 706 3482 infirmitati,
726 3401 860 3472 alterum
874 3401 1026 3492 singulari
1046 3402 1253 3494 uniuscujus-

223 3545 286 3614 que
301 3521 379 3590 vitio
394 3533 442 3590 est
456 3521 659 3595 attributum.
