2750 4510
460 269 703 342 cusona
1073 283 1132 344 rar
1161 257 1163 265 ’

135 445 224 514 Mihi
238 443 368 534 quidem
391 444 513 532 Scipio,
535 469 715 534 quanquam
740 456 790 512 est
805 445 910 514 subito
927 457 1066 534 ereptus,
1081 449 1130 512 vi-

88 571 138 636 rit
152 581 274 672 tamen,
290 589 475 655 semperque
497 568 593 634 viret.
615 568 773 634 Virtutem
793 569 878 634 enim
893 589 1017 654 semper
1031 570 1132 636 amavi

90 693 180 760 illius
201 692 274 774 riri,
297 711 370 778 qum
384 691 525 756 extincta
540 703 688 756 nonest:
711 713 773 756 nec
796 692 874 756 mihi
899 691 959 756 soli
989 703 1131 758 versatur

92 825 168 879 ante
183 815 306 892 oculos,
319 811 375 915 qui
390 812 477 877 illam
489 830 613 898 semper
627 812 660 876 in
670 812 816 878 manibus
826 812 944 892 habui3
969 812 1132 878 sedetiam

92 935 229 1022 posteris
243 931 303 1000 'erit
319 935 401 998 clara
421 946 453 998 et
467 934 612 1022 insignis.
657 935 763 1000 Nemo
788 957 929 1019 unquam
952 935 1058 1000 animo
1078 947 1133 1001 aut

93 1079 151 1144 spe
165 1056 285 1144 majora
298 1056 463 1143 suscipiet,
484 1057 539 1142 qui
555 1057 616 1124 sibi
630 1077 696 1122 non
720 1057 806 1122 illius
828 1059 1014 1124 memoriam
1037 1069 1132 1146 atque

97 1177 270 1263 imaginem
283 1177 522 1263 proponendam
537 1187 641 1263 putet.

142 1301 302 1386 Equidem
325 1318 366 1366 ex
386 1301 535 1366 omnibus
553 1303 660 1383 rebus,
684 1325 761 1387 quus
777 1303 857 1368 mihi
868 1311 925 1368 aut
939 1305 1066 1396 fortuna
1078 1312 1134 1370 aut

96 1441 208 1496 natura
231 1429 353 1510 tribuit,
379 1431 459 1494 nihil
484 1431 597 1510 habeo,
622 1430 796 1514 quodcum
812 1429 950 1522 amicitie
972 1431 1132 1518 Scipionis

95 1551 216 1639 possim
231 1573 421 1638 comparare.
452 1553 491 1616 ln
507 1553 568 1616 hic
583 1551 662 1616 mihi
677 1551 716 1616 de
731 1551 892 1637 republica
903 1573 1086 1632 consensus,
1098 1553 1132 1618 in

97 1675 158 1738 hac
177 1693 282 1748 rerum
297 1673 488 1758 privatarum
503 1671 696 1752 consitium
719 1672 753 1736 iu
768 1671 877 1738 eldam
893 1671 1017 1757 requies
1038 1675 1133 1758 plena

96 1793 321 1858 obkctntionie
334 1787 406 1858 fuit.
451 1793 625 1878 Nunquam
643 1792 734 1856 illurn
750 1815 790 1856 ne
807 1791 940 1858 minima
955 1793 1083 1879 quidem
1097 1813 1132 1856 re

97 1917 228 1996 offendi,
246 1916 333 2003 quod
348 1915 477 2002 quidem
498 1915 669 1980 senserimz
692 1916 778 1980 nihil
799 1916 904 1980 audivi
928 1937 967 1980 ex
991 1937 1029 1982 eo
1052 1916 1131 2002 ipse,

97 2040 182 2128 quod
197 2041 330 2108 nollem.
378 2039 454 2106 Una
468 2039 584 2106 domus
598 2049 676 2120 erat,
691 2039 774 2104 idem
790 2041 903 2118 victus,
929 2041 1019 2126 isque
1044 2061 1132 2106 eom·

99 2164 225 2230 munis:
249 2183 352 2248 neque
377 2165 481 2228 sulum
504 2161 628 2242 militia,
653 2162 826 2228 sedetiam
851 2165 1132 2250 peregrinationes,

97 2283 381 2371 rusticationesque
396 2299 595 2348 communes.
607 2309 621 2326 ·’
633 2285 718 2348 Nem
733 2284 811 2370 quid
825 2305 886 2368 epo
901 2285 940 2350 de
955 2285 1067 2352 studiis
1082 2286 1132 2352 di-

96 2427 166 2470 cam
182 2405 395 2490 cognoscendi
409 2425 534 2491 semper
548 2403 676 2492 aliquid,
697 2415 792 2492 atque
812 2407 952 2472 discendi
967 2411 978 2472 t
1003 2409 1038 2477 iu
1059 2409 1132 2494 qui·

97 2532 169 2609 bus,
183 2529 298 2594 remoti
314 2531 356 2596 ab
376 2529 478 2594 oeulis
499 2529 623 2615 populi,
646 2549 741 2594 omne
756 2529 894 2594 otiosum
911 2540 1037 2618 tempus
1051 2553 1130 2596 con-

99 2651 254 2737 trivimus.
351 2693 355 2708 ·

137 2776 284 2845 Quarum
298 2795 402 2841 rerum
418 2773 593 2840 recordatio
614 2785 647 2840 et
669 2777 819 2841 memoria
839 2775 867 2840 si
890 2779 954 2840 unt
977 2797 1051 2840 oum
1076 2775 1132 2842 illo

98 2897 280 2978 occidisset,
302 2899 493 2964 desiderium
511 2895 776 2984 ⁴conjunctissimi
805 2911 901 2983 atque
925 2899 1132 2972 aurantissimi

98 3006 158 3084 viri
171 3021 254 3084 terre
269 3021 359 3084 nullo
375 3021 470 3086 modo
485 3039 623 3104 possem.
662 3019 726 3084 Sed
741 3042 801 3086 nec
814 3020 871 3086 illa
882 3021 1022 3088 extincta
1035 3034 1133 3104 sunt3

98 3143 291 3224 unumque
305 3141 412 3226 putide
427 3151 460 3216 et
474 3151 631 3227 augentur
644 3141 836 3228 cogitatione
852 3154 884 3208 et
906 3144 1078 3211 memorii:
1102 3155 1134 3210 et

99 3265 127 3330 si
164 3266 261 3350 plane
295 3265 364 3332 istis
391 3267 519 3330 orbatus
551 3287 666 3344 essem,
695 3285 846 3350 magnum
877 3278 983 3332 tamen
1011 3269 1134 3334 afferret

99 3383 179 3448 mihi
194 3393 271 3448 aetas
284 3382 352 3468 ipsa
365 3381 513 3450 solatium
526 3408 534 3448 ι
557 3383 676 3452 diutius
688 3385 775 3458 enim
784 3382 897 3472 jamin
910 3387 973 3452 lroc
983 3385 1135 3454 desiderio

90 3516 169 3576 eise
192 3529 258 3574 non
274 3529 416 3594 possum.
460 3507 578 3574 Omnia
598 3519 706 3576 autern
731 3510 847 3591 brevia,
874 3509 1047 3579 tolerabilia
1067 3532 1135 3596 esse

98 3630 231 3714 dehent,
246 3629 344 3720 etlam
359 3631 387 3698 si
402 3653 518 3717 mna
531 3631 608 3698 sint.
897 3629 902 3637 “

186 3768 223 3820 2ae
275 3787 278 3797 ·
