2738 4502
254 278 316 338 err
666 271 719 337 Ee
739 265 872 338 n1v10.

253 443 293 508 ad
316 449 505 529 presentem
527 451 677 508 terrorem
690 443 850 510 deficeret.
893 439 943 508 Ea
967 442 1073 526 modo,
1096 447 1156 532 qut
1186 446 1286 529 irent,

251 562 443 628 consultatio
467 562 537 628 fuit.
580 561 664 628 Duae
684 565 723 629 ad
737 563 907 628 Luceriam
926 563 1070 630 ferebant
1092 564 1165 646 vire,
1184 569 1288 633 altera

251 693 366 772 praeter
391 705 478 750 oram
504 682 608 770 superi
633 684 726 749 maris
748 695 860 772 patens
881 697 1069 772 apertaque;
1091 687 1147 752 sed
1160 699 1286 776 quante

124 859 126 864 .
251 807 361 888 tutior,
376 815 466 872 tanto
489 809 553 874 iere
577 807 721 892 longiore
750 809 848 872 altera
874 829 931 892 per
945 806 1095 874 Furculas
1117 809 1284 876 Caudinas

250 931 382 996 brevior.
426 929 489 994 Sed
504 929 549 994 ita
562 937 655 995 natus
670 933 758 995 loeus
774 940 841 994 est:
865 933 963 996 saltus
985 929 1051 995 duo
1073 930 1128 996 alti
1152 931 1284 1017 angusti

251 1052 420 1138 silvosique
436 1062 510 1117 sunt
519 1074 530 1132 3
554 1052 719 1117 montibus
735 1051 817 1117 circa
830 1053 991 1138 perpetuis
1015 1051 1099 1118 inter
1113 1076 1147 1117 se
1158 1051 1282 1140 juncti.

252 1175 344 1241 Jaeet
358 1175 507 1240 intereos
524 1173 597 1240 satis
608 1183 719 1261 patens
735 1177 858 1241 clausus
883 1175 916 1240 in
932 1176 1037 1240 medio
1057 1199 1186 1264 campus
1211 1177 1287 1243 her·

251 1299 356 1378 bidus,
371 1319 581 1384 aquosusque,
602 1319 766 1386 perquem
782 1299 921 1364 medium
943 1297 1002 1365 iter
1016 1309 1074 1366 est.
1119 1301 1182 1364 Sed
1207 1305 1284 1370 ante

255 1428 350 1512 quam
372 1421 478 1488 venias
492 1421 531 1486 ed
548 1443 633 1502 eum,
655 1420 810 1488 intrandae
831 1421 941 1508 primm
956 1423 1113 1508 angustie
1131 1435 1232 1506 sunt3
1254 1435 1288 1490 et

256 1554 311 1612 ant
334 1543 456 1624 eidem,
478 1543 541 1628 qut
562 1551 594 1607 te
610 1541 830 1622 insinuaveris,
845 1543 928 1608 retro
953 1543 1003 1608 via
1017 1545 1208 1630 repetenda;
1233 1559 1290 1612 eut

252 1669 280 1734 si
294 1669 338 1734 ire
352 1667 445 1754 porro
458 1685 581 1750 pergas,
596 1685 652 1750 per
663 1661 760 1730 alium
776 1665 903 1744 saltum,
915 1663 1084 1732 arctiorem
1098 1663 1283 1753 impeditio·

250 1811 380 1876 remque
395 1785 603 1852 evadendum.
645 1785 684 1850 Io
700 1807 774 1889 epm
790 1807 939 1873 campum
964 1785 1014 1853 rit
1027 1786 1087 1852 alit
1101 1809 1157 1874 per
1171 1809 1283 1855 cavam

246 1937 365 2004 rupem
380 1913 516 1980 Romani
531 1911 667 1979 demisso
682 1911 823 2002 agmine,
849 1935 947 2002 quum
969 1913 1009 1979 ad
1023 1913 1099 1979 alias
1121 1915 1286 1998 angrrstim

251 2036 396 2126 protinus
418 2045 596 2122 pergerent,
620 2045 723 2120 septos
747 2031 873 2120 dejectu
896 2035 1043 2100 arborum
1071 2055 1286 2123 saxorumque

256 2159 433 2246 ingentium
449 2153 613 2244 objacente
628 2158 713 2222 mole
728 2155 890 2222 invenere.

294 2291 402 2359 Quum
428 2289 512 2354 fraus
539 2283 663 2352 hostilis
691 2281 895 2374 apparuisset,
920 2281 1101 2378 praesidium
1130 2287 1225 2370 etiam
1251 2286 1286 2350 in

255 2441 380 2486 summo
402 2420 485 2488 saltu
510 2415 713 2502 conspicitur.
759 2413 856 2480 Citati
883 2415 956 2484 inde
978 2417 1073 2496 retro,
1098 2419 1161 2502 qud
1186 2437 1286 2482 rene·

254 2553 335 2620 rent,
362 2549 499 2626 pergunt
523 2548 664 2624 repetere
689 2535 791 2602 viam:
819 2557 889 2602 eam
914 2556 1041 2626 quoque
1065 2536 1205 2602 clausam
1227 2541 1288 2604 sut

251 2665 342 2730 obice
357 2662 512 2755 armisque
526 2657 703 2730 inveniunt.
726 2655 851 2728 sistunt
865 2657 938 2724 inde
953 2658 1086 2746 gradmn
1102 2657 1279 2724 sineullius

254 2787 386 2874 imperio
395 2811 406 2874 3
429 2793 601 2874 stuporque
615 2781 759 2852 omnium
774 2781 908 2866 animos,
930 2801 967 2846 ec
986 2781 1073 2846 velut
1090 2791 1199 2867 torpor
1212 2781 1283 2868 qui·

255 2919 326 2982 dam
342 2913 488 2980 insolitus
499 2915 760 2982 membratenet:
783 2910 1007 2998 intuentesque
1017 2909 1070 3010 alii
1082 2910 1160 2975 alios
1176 2915 1286 2998 (quum

255 3041 389 3106 alterum
408 3036 541 3124 quisque
556 3037 656 3124 magis
671 3031 786 3102 mentis
801 3047 980 3122 compotem
995 3057 1031 3101 ac
1046 3035 1172 3100 consilii
1188 3035 1283 3100 duce·

251 3161 336 3243 rent)
355 3161 410 3226 diu
425 3129 602 3226 immobiles
617 3160 724 3226 silent.
769 3157 908 3238 Deinde,
932 3157 986 3224 ubi
1003 3159 1150 3244 pretoria
1164 3179 1282 3224 consu·

252 3289 320 3354 lum
335 3285 413 3370 erigi
428 3283 541 3363 videre,
563 3293 596 3350 et
607 3283 754 3369 expedire
767 3280 921 3371 quosdam
935 3279 1024 3348 utilia
1043 3279 1142 3366 operi,
1172 3299 1284 3366 quam·

257 3429 353 3493 quam
369 3405 504 3473 ludibrio
520 3405 588 3470 fore
603 3403 796 3488 munientes,
809 3402 938 3496 perditis
960 3403 1056 3470 rebus
1072 3423 1110 3466 ac
1124 3425 1181 3488 spe
1197 3399 1285 3468 omni

254 3531 412 3616 adempti,
438 3529 628 3608 cernebant3
651 3537 769 3606 temen,
792 3547 832 3592 ne
857 3526 984 3612 culpam
1008 3523 1099 3588 malis
1123 3523 1285 3604 adderent,

255 3672 314 3741 pro
329 3673 362 3714 se
377 3653 519 3736 quisque,
542 3673 602 3726 nec
623 3649 769 3716 hortante
794 3649 859 3714 ulio
875 3669 932 3714 uec
947 3648 1135 3734 imperante,
1156 3645 1196 3710 ed
1211 3667 1282 3712 mu·

258 3773 410 3842 ciendum
435 3775 527 3856 versi,
550 3783 653 3842 castra
672 3783 801 3860 propter
819 3793 933 3858 aquam
957 3771 1040 3866 cailo
1063 3769 1280 3838 circumdante

257 3921 314 3969 sua
329 3896 388 3986 ipsi
403 3914 510 3987 opera,
525 3901 728 3985 laboremque
737 3894 860 3964 irritum
877 3901 1099 3980 (preterquam
1110 3891 1194 3981 quod
1209 3891 1283 3956 hoa·
