2738 4502
261 205 324 264 210
667 196 721 262 Ea·
742 195 878 266 Livio,

264 368 494 434 concremavit:
524 389 579 434 seu
601 381 709 436 votum
733 367 765 435 id
788 369 933 436 Deorum
964 367 1100 460 cuipiam
1126 369 1185 436 luit
1196 391 1209 450 ;
1237 391 1297 436 seu

264 497 389 567 credere
403 495 482 566 libct
496 499 523 566 F
523 500 594 566 abio
608 493 740 582 auctori,
752 519 793 565 eo
802 493 937 580 factum,
947 519 987 564 ne
999 520 1066 564 auae
1079 497 1189 586 gloriae
1201 497 1297 564 fruc-

264 635 333 688 tum
344 621 480 690 dictator
491 631 626 709 caperet,
640 641 818 707 nomenque
833 613 877 685 ibi
891 617 1052 698 scriberet,
1067 629 1121 684 ant
1136 617 1244 706 spolia
1264 617 1298 682 in

263 745 425 836 triumpho
447 747 553 812 ferret.
597 745 712 812 literre
733 764 858 832 quoque
880 741 1124 830 dereprospere
1138 744 1236 841 gesti
1258 743 1298 806 ad

261 879 418 949 senatum,
443 889 508 935 non
533 867 573 934 ad
596 867 793 948 dictatorem,
812 865 928 948 misaca,
950 873 1174 951 argumentum
1203 863 1296 932 fuere

261 991 393 1058 minime
408 1011 481 1056 cum
495 1011 536 1057 co
550 990 812 1058 communicantis
826 987 944 1056 laudea.
978 987 1029 1056 lta
1048 989 1133 1054 certe
1156 983 1296 1052 dictator

259 1113 292 1178 id
301 1113 420 1180 iactum
433 1113 565 1202 accepit,
576 1123 624 1198 ut,
635 1111 719 1178 lictis
728 1111 797 1177 aliis
809 1110 939 1178 victurii
953 1114 1053 1198 parti,
1065 1129 1131 1198 prre
1144 1109 1294 1176 sesemet

263 1235 341 1302 iram
366 1232 600 1324 tristitiamque.
643 1233 746 1304 Misso
775 1230 881 1321 itaque
903 1235 1032 1320 repente
1054 1239 1176 1312 senatu,
1205 1254 1242 1297 se
1257 1253 1295 1296 en

264 1353 350 1422 curii
363 1355 538 1442 proripuit:
560 1365 629 1422 tum
645 1357 728 1438 verb,
741 1375 806 1421 non
818 1351 1008 1420 Samnitium
1024 1351 1124 1439 magis
1137 1353 1294 1438 legiones,

262 1483 356 1566 quim
367 1477 1007 1568 majestatemdictntoriametdiaciplinam
1017 1477 1292 1546 mitimemuma-

264 1603 363 1690 giatro
384 1604 527 1692 equitum
546 1605 661 1672 rictam
680 1613 714 1670 et
731 1625 869 1670 eversam
881 1589 1042 1682 dictitans,
1061 1599 1147 1666 aiilli
1160 1600 1292 1688 impune

266 1733 404 1810 spretum
420 1723 586 1810 imperium
602 1723 724 1790 fuisset.
747 1721 858 1810 ltaque
869 1722 982 1810 plenus
993 1717 1150 1786 miuamm
1165 1718 1293 1806 imoque,

262 1847 423 1932 proiectus
437 1845 471 1910 in
487 1853 705 1932 contraquam
720 1845 865 1911 maximis
879 1844 1043 1912 itineribus
1056 1846 1146 1922 isset,
1162 1863 1231 1906 non
1245 1853 1289 1907 ta·

266 1985 339 2029 rnen
351 1963 522 2050 prevenire
535 1959 651 2030 'lamam
662 1965 814 2032 adventus
828 1963 878 2031 sui
888 1963 1004 2049 potuit.
1023 1959 1296 2028 Praecucurrerant

265 2085 350 2150 eninr
361 2087 400 2150 ab
412 2087 501 2168 urbe,
514 2085 567 2174 qui
580 2087 777 2167 nunciarent,
787 2085 971 2152 dictatorem
983 2083 1108 2150 avidum
1120 2103 1231 2168 poenre
1240 2105 1292 2146 ve·

265 2205 346 2287 nire,
359 2208 486 2272 alternis
501 2213 583 2294 pene
598 2209 700 2276 verbis
711 2207 751 2276 T.
765 2207 879 2275 Manlii
894 2209 1012 2274 iactum
1025 2207 1222 2271 laudantem.

307 2327 434 2392 Clamor
449 2335 466 2396 e
480 2333 547 2395 toti
559 2331 711 2396 concione
729 2341 827 2410 ortus,
842 2330 890 2395 uti
904 2333 1025 2396 bonum
1037 2325 1180 2394 animum
1193 2327 1290 2392 habe·

267 2457 333 2528 ret3
357 2447 514 2514 neminem
537 2449 582 2516 illi
596 2449 660 2516 vim
677 2451 855 2532 allaturum,
872 2449 964 2514 salvis
978 2445 1156 2535 legionibus
1172 2447 1291 2514 Rorna-

268 2571 329 2636 nis.
374 2571 470 2640 Haud
493 2575 595 2640 multo
618 2577 692 2661 pbst
711 2575 844 2642 dictator
857 2572 1005 2654 advenit3
1027 2571 1222 2660 classicoque
1236 2595 1293 2638 ex·

269 2697 388 2782 templb
417 2697 455 2763 ad
482 2697 669 2764 concionem
698 2697 872 2764 advocavit.
916 2695 1024 2786 Tum,
1041 2695 1168 2761 silentiu
1197 2697 1293 2772 lacto,

268 2839 373 2902 praeco
397 2819 440 2889 Q.
463 2805 597 2885 Fabium
612 2819 795 2906 magistmm
809 2819 952 2906 equitum
976 2784 1094 2884 ciiavit·
1137 2817 1293 2883 Adversus

274 2938 538 3028 [criminationem]
553 2949 649 3028 quum
666 2941 854 3028 respondere
864 2939 947 3006 haud
961 2939 1051 3005 lacile
1061 2951 1157 3022 esset,
1166 2951 1198 3006 et
1211 2963 1295 3006 nunc

241 3033 246 3043 ¹
270 3071 461 3144 quereretur,
471 3062 604 3128 eundem
615 3073 828 3130 accusatorem
837 3061 948 3149 capitis
960 3063 1008 3128 sui
1020 3059 1202 3150 acjurlicem
1211 3085 1294 3141 essm

273 3181 382 3264 nrodb,
401 3183 495 3246 vitam
517 3185 578 3248 sibl
597 3185 677 3272 eripi
696 3185 790 3251 eitius
804 3188 898 3272 quim
917 3183 1049 3270 gloriam
1071 3205 1175 3249 rerum
1190 3196 1295 3269 gesta-

268 3325 335 3368 rum
351 3325 455 3389 posse,
476 3303 712 3387 vociferaretur3
739 3315 949 3394 purgaretque
968 3327 1001 3370 se
1021 3303 1055 3370 in
1070 3303 1183 3382 vicem,
1198 3314 1291 3392 atque

268 3423 352 3491 ultrb
373 3436 550 3493 accusaret:
578 3439 656 3493 tunc
681 3427 833 3514 Papirius,
856 3427 1066 3512 redintegrato
1089 3425 1147 3508 iri,
1168 3425 1294 3514 spoliari

270 3549 453 3634 magistrum
473 3549 626 3638 equiturn,
653 3571 690 3614 ac
710 3549 811 3636 virgas
829 3559 862 3615 ct
883 3571 1006 3616 secures
1028 3545 1167 3635 expediri
1185 3545 1292 3638 jussit.

271 3671 399 3754 Fabius,
412 3671 507 3739 fidem
521 3673 659 3772 militurn
672 3673 852 3760 implorans,
873 3671 1081 3744 lacerantibus
1096 3683 1217 3740 vestem
1235 3673 1292 3738 lic-

270 3785 401 3876 toribu's,
422 3793 462 3862 ad
476 3795 608 3881 triarios,
630 3797 801 3864 tumultum
813 3793 880 3882 jam
895 3795 928 3861 in
944 3796 1097 3868 concione
1113 3794 1291 3876 miscentes,
