2738 4502
479 249 533 316 En
554 247 687 318 ulv10.
823 329 825 335 Ι
1039 257 1104 320 223

68 423 160 492 bello
174 423 294 512 pollere
308 420 454 490 videntur
468 424 610 492 militum
624 423 716 512 copia
729 432 762 488 et
776 421 885 506 virtus,
897 421 1026 512 iugenio
1039 424 1104 492 im·
1149 463 1152 470 ·

63 559 262 634 pecatorum,
288 547 416 612 fortuna
437 567 494 632 per
513 546 622 622 omniu
649 547 799 626 humanu,
824 546 961 624 monime
991 547 1024 614 in
1048 571 1098 614 res

68 665 215 750 bellicus,
224 678 357 754 potens.
387 665 449 748 Ea,
463 677 496 732 ct
509 667 636 752 singule
648 667 788 734 intuenti
803 677 835 734 et
850 667 1104 750 universa,·sicut

69 793 112 858 ab
127 791 198 856 aliis
208 791 337 892 regibus
347 761 574 878 gentibusque,
586 790 632 856 its
648 793 687 856 ab
697 791 760 856 hoc
770 812 897 878 quoque
912 791 1005 858 facile
1019 815 1104 878 pree-
1140 809 1152 852 t

66 925 159 980 stant
182 914 338 980 inuictum
362 913 544 982 Romanum
571 912 750 1002 imperium.
793 910 868 980 Jam
893 914 1044 1002 primum,
1067 926 1106 982 ut

65 1037 177 1104 oetier
200 1039 241 1104 ab
270 1036 406 1104 ducibus
435 1038 666 1126 componendis,
693 1036 781 1106 houd
809 1038 957 1126 equidem
983 1041 1101 1122 abnuo,
1134 1079 1139 1098 .

64 1159 235 1248 egregium
246 1161 362 1228 ducem
378 1162 475 1228 fuisse
488 1161 725 1241 Alexandrum
747 1162 804 1228 sed
818 1162 979 1231 clariorem
993 1173 1100 1231 tanen

65 1303 144 1348 eum
161 1281 249 1362 lacit,
263 1281 446 1368 qudduuus
460 1280 533 1362 fuit,
547 1280 634 1368 quud
649 1281 830 1346 adolescens
851 1280 886 1345 in
903 1281 1102 1351 incremento

66 1425 187 1484 rerum,
203 1405 347 1471 nondum
363 1405 494 1471 alteram
510 1405 672 1470 fortunam
687 1413 849 1494 expertus,
864 1403 1010 1470 decessit.
1056 1405 1103 1471 Ut

66 1528 148 1592 ulios
163 1548 254 1612 reges
270 1527 371 1602 claros
386 1527 549 1611 ducesque
574 1524 732 1606 omittam,
755 1545 871 1610 magna
887 1527 1034 1610 exempla
1047 1547 1102 1590 ca·
1153 1563 1155 1568 ·

67 1673 164 1716 suum
180 1651 392 1718 humanorum
404 1673 415 1730 3
440 1649 571 1733 Cyrum,
593 1667 688 1734 quem
714 1648 851 1714 maxime
876 1648 982 1714 Graeci
996 1649 1100 1714 laudi·

66 1777 129 1840 bus
145 1775 318 1854 celebrant,
331 1773 411 1858 quid
426 1771 488 1836 nisi
502 1773 598 1858 longo
612 1771 687 1852 vitu,
712 1771 795 1836 sicut
822 1771 980 1858 Magnum
1005 1773 1101 1838 modo
1151 1801 1156 1810 ·

68 1896 271 1982 Pompeium,
292 1895 428 1961 vertenti
450 1893 589 1982 praebnit
604 1895 765 1962 fortune?
793 1893 987 1960 Recenseam
1003 1895 1100 1979 duces

67 2021 244 2100 Romanos,
258 2040 316 2088 neo
329 2035 439 2084 omnes
455 2017 599 2084 omilium
615 2026 758 2094 aetutum,
773 2018 827 2082 sed
843 2017 928 2104 ipsos
943 2041 1009 2098 eos,
1022 2041 1099 2084 cum

67 2142 185 2228 quibus
202 2139 387 2216 oonsulibus
402 2149 458 2204 eut
472 2137 679 2206 dictatoribus
693 2140 880 2208 Alexandro
890 2140 953 2206 fuit
974 2141 1098 2208 bellen-

64 2267 164 2330 dum:
188 2263 240 2350 M.
266 2262 427 2328 Valerium
454 2261 606 2343 Corvum,
637 2264 674 2328 C.
699 2249 855 2330 Martium
877 2263 1039 2346 Rutilum,
1058 2265 1098 2332 C.

66 2387 261 2474 Sulpicium,
275 2383 316 2450 Τ.
329 2385 490 2466 Manlium
501 2384 712 2472 Torquatum,
733 2387 774 2456 Q.
793 2387 964 2453 Publilium
988 2387 1100 2454 Philo·
1138 2425 1141 2430 ·

59 2531 146 2589 nem,
159 2509 198 2572 L.
216 2507 375 2594 Papirium
393 2507 573 2588 Cursorem,
588 2505 631 2576 Q·
648 2507 781 2573 Fabium
798 2507 989 2588 Maximum,
1011 2509 1092 2574 duos
1128 2567 1131 2572 .

67 2611 484 2712 Decios,'L.v01umnium,
499 2630 647 2695 Manium
668 2629 815 2710 Curium.
860 2629 1021 2714 Deinceps
1044 2631 1097 2696 in-

60 2764 175 2839 gentes
191 2765 367 2837 sequuntur
381 2751 464 2830 uiri3
487 2751 514 2814 si
537 2748 696 2818 Punicum
715 2749 861 2818 Romano
884 2751 1095 2836 praevertisset
1140 2813 1142 2816 .

59 2877 193 2952 bellum',
210 2875 375 2960 seniorque
391 2871 425 2938 in
439 2861 564 2936 Italiain
580 2865 765 2960 trajecisset.
794 2867 920 2936 Horum
935 2870 971 2934 in
988 2873 1093 2958 quoli-
1148 2887 1152 2898 ’

67 2999 124 3062 bet
140 3006 211 3060 tum
227 2994 350 3058 indoles
365 2991 486 3074 endem,
501 3015 574 3078 quse
590 2991 623 3057 in
639 2987 817 3058 Alexandro
834 3005 909 3074 crat,
934 2993 1030 3066 animi
1052 2995 1104 3060 in-

65 3117 237 3204 geniiqu03
260 3127 330 3180 tum
346 3115 513 3202 disciplina
531 3113 756 3202 militarisjam
777 3115 849 3182 inde
868 3119 907 3180 ab
935 3117 1032 3181 initiis
1049 3141 1100 3180 ur-

59 3243 109 3308 bis
127 3241 241 3306 tradite
255 3262 310 3326 per
326 3257 450 3319 manus,
474 3237 507 3302 in
521 3239 595 3304 artis
608 3239 768 3327 perpetuis
783 3240 951 3328 praeoeptis
967 3241 1093 3305 ordina-
1134 3281 1137 3288 =

63 3383 106 3436 te
123 3369 255 3437 modum
272 3379 412 3435 venerat.
728 3451 731 3460 Ι
932 3354 936 3362 ’

107 3493 157 3559 lta
182 3515 271 3578 reges
286 3501 450 3577 gesserant
471 3491 576 3557 bella:
607 3492 651 3580 itu
669 3491 782 3557 deinde
804 3503 964 3556 exactores
990 3515 1099 3578 regum

59 3616 156 3684 iunii
178 3615 357 3701 valeriique
370 3640 380 3696 ;
403 3615 447 3680 itu
471 3615 619 3701 deinceps
646 3615 748 3698 Fabii,
771 3615 909 3694 Quintil,
937 3615 1099 3682 Cornelii:

62 3741 109 3806 ite
124 3737 239 3806 Furius
255 3737 422 3820 Camillus,
433 3725 533 3826 ¹quem
550 3737 686 3825 juvenes
710 3739 744 3820 ii,
770 3739 885 3826 quibus
908 3763 980 3804 cum
1000 3742 1097 3804 Alex-

61 3865 165 3930 andro
181 3863 398 3952 dimicandum
415 3875 492 3946 erut,
509 3885 618 3930 senem
636 3864 786 3930 viderant.
832 3861 983 3928 Militaric
1005 3885 1100 3950 opera
