2724 4494
446 221 726 290 PATERCULO.
759 287 762 292 ,
1046 233 1111 294 303

40 391 184 460 dimitti
200 392 367 460 exercitus.
411 395 538 484 Quippe
553 365 724 482 Pompeiis
750 397 784 462 in
800 397 941 462 secundo
955 403 1104 466 consula·

43 527 89 584 tn
109 516 293 602 Hispanias
317 517 528 588 sibidecemi
552 521 705 602 valuerat,
720 537 835 605 easque
849 541 906 606 per
930 521 1104 590 triennium
1238 513 1240 516 ⁵

43 635 180 702 absens
195 631 262 720 ipse
277 653 315 698 ac
339 631 513 720 presidens
535 632 620 714 urbi,
635 655 692 720 per
715 635 882 702 Afranium
897 649 929 704 et
944 637 1102 708 Petreium

46 755 318 846 consularemac
333 755 534 842 pretorium,
548 757 669 842 legatos
690 779 775 842 suos,
791 759 1047 834 administrabat:
1071 777 1106 830 et

45 876 107 958 iis,
125 877 186 964 qui
200 878 221 940 ir
237 875 361 946 casua
384 875 589 942 dimittendos
612 875 767 944 exercitus
780 881 1030 964 contendebant,
1047 884 1103 948 ad-

45 1003 267 1080 sentabatur3
291 999 341 1082 iis,
353 1001 460 1088 quieb
476 1001 546 1088 ipso
561 1005 949 1090 quoque,'sdversabstur.
993 1007 1060 1080 Qui
1074 1008 1102 1074 si

48 1131 134 1188 ante
150 1120 317 1186 biennium
330 1123 425 1206 quim
442 1120 482 1186 ad
506 1142 593 1186 arura
617 1122 698 1188 itum
713 1135 773 1204 est,
787 1127 936 1212 perfectis
958 1129 1099 1208 muneri-

49 1247 119 1310 bus
136 1243 301 1308 theatrici
324 1243 459 1308 alioruin
483 1265 628 1328 operum,
643 1268 716 1332 quse
739 1245 769 1312 ei
792 1248 1012 1332 circumdedit,
1026 1273 1098 1338 grn-

48 1369 193 1436 vissimu
213 1353 354 1436 tentatus
376 1367 555 1434 ialetudine
570 1367 756 1439 decessisset
776 1369 812 1437 in
827 1371 1001 1456 Campanii
1021 1381 1098 1460 (quo

53 1494 194 1580 quidem
209 1503 351 1580 ternpore
366 1492 512 1557 universe
525 1493 618 1558 ltalia
628 1502 702 1568 vola
712 1512 771 1578 pro
785 1491 886 1562 salute
900 1493 983 1580 ejus
997 1498 1101 1582 primi

54 1616 345 1696 omniumciriurn,
354 1615 508 1700 suscepit)
522 1615 674 1686 defenser
687 1617 824 1684 tonnus
835 1617 1018 1684 destruendi
1027 1619 1097 1706 ejus

55 1743 172 1818 locus;
207 1749 252 1820 et,
274 1755 369 1824 quant
390 1738 475 1826 apud
503 1757 634 1824 superos
656 1740 810 1808 babuerat
832 1741 1097 1826 magnitudinem,

57 1857 217 1924 illibatam
232 1857 396 1924 detulisset
411 1857 451 1922 ad
465 1857 596 1924 inferos.

79 1985 177 2050 Bello
203 1993 310 2048 autem
338 1981 435 2062 civili,
457 1993 491 2046 et
521 1991 580 2060 tot,
602 2003 674 2068 qum
704 1981 819 2059 deinde
849 2007 906 2072 per
925 1987 1097 2054 continuos
1197 1961 1204 1975 ⁶

57 2107 127 2172 XX
156 2125 257 2170 annos
286 2119 457 2172 consecuta
485 2117 573 2186 aunt,
602 2105 704 2186 malis,
734 2125 800 2174 non
837 2107 916 2176 diu
944 2109 1097 2198 majorem

60 2228 366 2314 flagrantioremque,
382 2230 477 2313 quiam
491 2227 530 2294 C.
547 2229 656 2310 Curio,
680 2231 753 2296 trib.
775 2233 863 2318 pleb.
885 2233 1022 2322 subjecit
1044 2239 1105 2302 ian-³

62 2377 152 2420 cem:
175 2353 222 2418 vir
244 2351 371 2432 nobilis,
386 2353 550 2438 eloquens,
565 2353 680 2434 audax,
695 2376 762 2420 sure
785 2353 960 2444 alienaeque
980 2363 1095 2434 etfor·

62 2489 151 2544 tune
165 2481 197 2542 et
211 2473 372 2562 pudicitiae
387 2475 551 2560 prodigus,
565 2474 930 2560 homaingeniosissime
946 2503 1095 2566 nequam,

63 2613 96 2666 el
124 2599 277 2665 secundm
305 2599 388 2663 malo
417 2597 565 2682 publico:
606 2593 699 2680 cujus
729 2596 848 2677 animo,
875 2603 1092 2686 vuluptatibus

63 2735 115 2798 vel
133 2730 327 2808 libidinibus,
341 2749 445 2814 neque
466 2747 541 2812 opes
563 2725 649 2804 ullae,
670 2745 772 2810 neque
795 2725 981 2810 cupiditates
1003 2735 1091 2797 suffl-

64 2874 133 2920 eere
153 2861 292 2938 possent.
337 2847 404 2913 Hie
424 2845 526 2932 prirnb
552 2865 610 2930 pro
635 2844 781 2930 Pompeii
804 2847 956 2931 partibus,
977 2851 1009 2915 id
1032 2865 1091 2934 est,

64 2991 101 3044 ut
125 2986 199 3042 tunc
221 2973 408 3054 habebatur,
423 2993 480 3057 pro
500 2967 673 3054 republied,
694 2987 770 3036 mos
789 2969 992 3070 simulatidne
1012 2999 1091 3044 con·

65 3096 310 3184 tra‘Pompeium
333 3105 366 3160 et
388 3093 558 3172 Caesarem,
578 3091 634 3158 sed
655 3093 763 3158 animo
776 3115 834 3180 pru
855 3095 979 3164 Cerere
993 3101 1093 3168 stetit.
1218 3135 1225 3144 .

66 3229 104 3297 ld
125 3189 228 3314 grstia
249 3248 290 3292 an
312 3235 444 3312 accepto
466 3222 587 3288 centies
603 3221 674 3290 Hs.
695 3223 817 3302 iecerit,
841 3237 878 3290 nt
903 3228 1092 3313 accepimus,

67 3351 100 3416 in
115 3349 213 3416 medio
228 3348 455 3432 relinquemus.
497 3344 549 3410 Ad
562 3345 714 3410 ultimum
734 3345 953 3410 saluberrimas
968 3359 1001 3414 et
1017 3373 1091 3414 eoa-

67 3477 214 3539 leseeutea
224 3468 423 3536 conditiones
434 3466 533 3555 pacis,
545 3486 622 3552 quas
632 3477 664 3532 et
674 3465 782 3530 Cesar
788 3464 968 3552 justissimo
983 3469 1092 3536 animo

68 3597 252 3686 postulabat,
260 3603 292 3658 et
305 3591 476 3676 Pompeius
488 3609 582 3676 mque
592 3590 774 3676 recipiebat,
782 3589 930 3657 discussit
941 3615 977 3656 ac
989 3597 1089 3682 rupit3

71 3718 156 3788 unice
171 3727 301 3786 cavente
316 3713 469 3782 Cicerone
484 3711 661 3780 concordie
676 3713 825 3798 publicae.
