2804 4524
254 293 294 358 sa
607 249 920 353 samuunmo

249 459 405 528 Graeciam
419 459 568 538 venisset,
581 481 707 524 causam
722 459 790 548 ejus
807 460 879 547 quis
889 447 934 524 veu
948 479 987 523 eo
1000 467 1155 544 quareret
1171 468 1280 524 tantu·

246 605 316 649 rum
329 583 501 668 copiarum,
524 582 669 668 tantique
689 584 777 662 belli,
802 585 865 648 mel
880 605 914 647 se
932 585 1039 646 afferre
1063 603 1102 644 ex
1120 581 1279 667 Hymetto

249 706 387 772 voluisse
400 707 518 771 diceret
531 729 541 784 3
565 709 649 769 certe
665 705 733 770 sine
745 710 839 771 causa
855 705 1014 771 videretur
1025 715 1113 770 tanta
1124 714 1278 769 conatus:

246 830 292 894 sic
304 852 362 894 nos
374 827 559 914 sapientem,
568 827 711 912 plurimis
726 839 758 892 et
770 827 958 911 gravissimis
970 827 1089 894 artibus
1104 837 1197 913 atque
1213 825 1279 890 vir-

248 953 371 1018 tutibus
380 952 571 1014 instructum
583 961 615 1014 et
624 960 780 1031 ornatum,
793 973 869 1028 non,
877 959 914 1013 ut
926 949 1132 1029 illum,mnria
1144 947 1280 1033 pedibus

246 1084 475 1159 peragrantem,
489 1071 641 1136 classibus
657 1081 792 1152 montes,
806 1071 861 1135 sed
872 1093 968 1136 omne
983 1073 1102 1136 eoelum
1117 1081 1282 1156 totamque

249 1216 323 1260 cum
343 1195 489 1258 universo
505 1193 580 1257 mari
602 1203 713 1257 terram
730 1203 836 1256 mente
851 1195 1062 1279 complexum,
1084 1195 1282 1278 voluptatem

252 1326 358 1402 petere
371 1317 397 1380 si
413 1315 568 1396 dicemus,
582 1315 684 1380 mellis
699 1322 794 1380 causa
809 1313 951 1380 dicemus
966 1325 1053 1380 tanta
1067 1314 1225 1379 molitum.

298 1437 349 1502 Ad
378 1437 489 1506 altiora
521 1437 665 1522 quaedam
701 1447 734 1502 et
767 1435 1048 1521 magnificentiora,
1078 1433 1283 1514 mihicrede,

248 1559 419 1646 Torquate,
446 1559 510 1624 nati
535 1581 664 1624 sumus:
691 1581 750 1624 nec
769 1559 802 1623 id
825 1579 863 1622 ex
888 1557 985 1622 animi
1009 1560 1112 1624 solum
1127 1557 1282 1644 partibus,

252 1681 285 1746 in
301 1681 416 1767 quibus
431 1681 514 1745 inest
527 1680 678 1744 memoria
693 1701 795 1744 rerum
810 1677 1099 1757 innumerabilium,
1114 1687 1146 1742 et
1158 1697 1195 1740 ea
1208 1675 1282 1760 qui-

251 1802 323 1866 dem
339 1801 485 1877 infinita;
509 1801 592 1862 inest
615 1797 797 1884 conjectura
816 1798 1090 1883 consequentium,
1111 1821 1176 1862 non
1196 1798 1280 1862 mul·

249 1921 317 1984 tirm
339 1922 358 1980 a
382 1917 575 1982 divinatione
597 1918 761 1996 differens3
793 1916 878 1980 inest
900 1917 1076 1980 moderator
1101 1915 1281 2002 cupiditatis

251 2041 352 2126 pudor
363 2065 372 2118 3
396 2039 479 2104 inest
500 2040 539 2103 ad
562 2040 732 2104 humanam
755 2039 935 2104 societatem
949 2037 1084 2124 justitiae
1097 2039 1161 2104 fida
1173 2049 1282 2104 custo-

251 2161 322 2242 dia;
346 2163 428 2226 inest
442 2163 475 2228 in
487 2162 699 2248 perpetiendis
716 2161 886 2239 laboribus,
901 2163 1115 2252 adeundisque
1132 2162 1282 2250 periculis

250 2283 339 2352 firma
353 2293 385 2348 et
395 2281 516 2350 stabilis
531 2281 646 2347 doloris
663 2281 837 2367 mortisque
850 2282 1059 2366 contemptio.
1102 2282 1191 2367 Ergo
1199 2277 1282 2346 b'aee

250 2405 283 2470 in
298 2405 427 2470 animis:
450 2403 502 2470 Tu
514 2415 620 2470 autem
632 2404 726 2470 etiam
740 2406 881 2468 membra
895 2405 974 2491 ipsa,
987 2427 1162 2490 sensusque
1174 2406 1281 2472 cousi·

252 2529 343 2594 dera:
368 2527 422 2614 qui
450 2527 518 2607 tibi,
547 2539 583 2592 ut
607 2527 737 2612 reliquae
763 2527 902 2614 eorporis
923 2539 1037 2614 partes,
1061 2551 1127 2594 non
1149 2528 1281 2594 comites

250 2661 353 2724 solum
375 2657 540 2736 virtutum,
556 2656 611 2719 sed
635 2656 768 2720 ministri
784 2657 878 2722 etiam
897 2656 1099 2722 videbuntur.
1143 2656 1240 2738 Quid,
1256 2655 1283 2728 si

253 2789 286 2850 in
300 2787 368 2870 ipso
381 2807 510 2872 corpore
527 2785 629 2858 multa
642 2783 796 2870 voluptati
812 2787 1026 2870 praeponenda
1039 2793 1124 2866 sunt,
1139 2795 1176 2848 ut
1189 2786 1283 2866 vires,

252 2916 409 2994 ualetudo,
428 2916 587 2995 velocitas,
607 2916 835 3000 pulchritudo?
859 2915 936 2999 quid
959 2915 1085 2980 tandem
1110 2914 1143 2978 in
1170 2913 1283 2986 animis

254 3043 384 3106 censes?
409 3041 440 3104 in
465 3045 579 3128 quibus
602 3025 775 3109 doctissimi
797 3043 842 3106 illi
866 3051 986 3110 veteres
1004 3043 1107 3110 inesse
1129 3043 1280 3131 quiddam

252 3175 382 3240 coeleste
398 3184 430 3237 et
444 3173 587 3240 divinum
600 3187 802 3262 putaverunt.

291 3297 386 3368 Quod
399 3296 425 3361 si
441 3308 523 3362 esset
538 3298 571 3362 in
587 3301 749 3384 voluptate
771 3321 931 3364 summum
956 3303 1077 3364 bonum
1095 3303 1144 3384 (ut
1157 3299 1275 3382 dicitis)

249 3429 387 3516 optabile
402 3441 484 3494 esset
499 3429 708 3516 inuoluptate
731 3431 881 3512 maximi,
897 3433 985 3494 nullo
1000 3429 1165 3494 intervallo
1180 3429 1279 3494 inter-

245 3558 345 3644 jecto,
361 3558 427 3624 dies
444 3569 616 3642 noctesque
632 3559 758 3640 versari,
777 3562 849 3624 edm
864 3580 973 3623 omnes
986 3581 1097 3622 sensus
1113 3557 1280 3623 dulcedine

252 3685 338 3748 omni
366 3687 454 3771 quasi
472 3687 597 3773 'perfusi
623 3701 832 3754 moverentur.
877 3687 956 3759 Quis
977 3701 1024 3754 est
1044 3697 1150 3752 autern
1166 3687 1279 3774 dignus

252 3815 380 3878 nomine
396 3815 545 3900 hominis,
567 3819 621 3905 qui
641 3841 741 3886 unum
763 3820 846 3886 diem
867 3829 969 3884 totum
990 3819 1065 3884 velit
1079 3839 1147 3882 esse
1168 3816 1201 3881 in
1218 3818 1281 3888 isto

255 3946 371 4037 genere
387 3949 579 4040 voluptatis?
