2756 4484
440 247 495 313 En
514 243 754 316 clcEnoNE.
1056 259 1119 328 397

73 415 182 496 luisti,
206 439 303 497 nunc,
324 427 360 481 ut
374 417 554 504 duplicetur
567 427 659 487 tuum
673 441 713 486 ex
728 441 779 486 me
792 419 955 507 gaudium,
980 435 1112 510 prasta-

76 544 133 607 bo.
184 529 401 626 Cratippo'me
416 542 497 606 scito
511 563 576 608 non
590 553 628 608 ut
643 541 847 630 discipulum,
868 545 923 610 sed
945 555 981 611 ut
1001 545 1117 626 lilium,

73 682 147 728 esse
164 659 475 747 conjunctissimum.
514 663 598 730 tiam
617 666 690 730 edm
705 677 737 729 et
751 663 846 730 audio
861 663 952 730 illum
966 663 1114 744 libenter,

72 795 150 850 tum
176 784 272 849 etiam
292 785 451 870 propriam
474 783 542 871 ejus
557 785 742 852 suavitatem
757 787 960 854 vehementer
973 787 1114 874 amplec-

8 950 15 976 .
73 917 141 971 tor.
191 907 269 970 Sum
285 917 369 971 totos
385 907 450 971 dies
466 929 538 972 cum
553 928 603 989 eo,
622 907 786 994 noctisque
801 909 1019 994 saepenumero
1041 929 1114 994 par-

74 1039 159 1092 tem.
206 1027 314 1091 Exoro
344 1027 430 1092 enim
455 1037 491 1094 ut
515 1047 641 1095 mecum
669 1032 765 1115 quim
793 1029 966 1116 sepissime
995 1002 1115 1098 coenet.

9 1201 18 1218 .
74 1149 155 1214 Hac
185 1148 365 1214 introducti
380 1151 619 1232 consuetudine,
647 1173 732 1238 repe
754 1151 962 1218 inscientibus
977 1151 1069 1218 nobis
1084 1161 1117 1216 et

74 1271 287 1338 coenantibus
317 1273 451 1359 obrepit,
485 1275 671 1360 sublatique
700 1274 866 1340 severitate
894 1274 1116 1362 philosophie,

19 1473 23 1480 ⁵
78 1393 315 1461 humanissime
345 1396 511 1461 nobiscum
536 1394 675 1482 jocatur.
719 1397 824 1470 Quare
851 1397 892 1462 da
920 1417 1049 1483 operum
1078 1407 1115 1462 nt

79 1520 175 1583 huuc
194 1518 302 1599 talem,
315 1528 379 1583 tarn
393 1515 583 1604 jucundum,
598 1529 661 1584 tarn
677 1519 885 1584 excellentem
898 1519 1000 1584 virum
1014 1517 1139 1588 videas·

77 1641 329 1728 quamprimum.
372 1642 456 1706 Nam
479 1642 556 1728 quid
576 1662 637 1728 ego
659 1641 699 1708 de
719 1639 848 1708 Bruttio
867 1641 995 1707 dicam?
1021 1663 1117 1729 quem

78 1767 176 1830 nullo
198 1775 339 1851 tempore
362 1767 381 1828 i
404 1785 456 1828 me
475 1764 580 1852 patior
604 1763 787 1831 discedere:
818 1761 910 1850 eujus
936 1765 1009 1830 edm
1034 1765 1119 1852 frugi

80 1909 254 1974 severaque
269 1897 316 1952 est
328 1885 404 1968 vita,
419 1897 487 1952 turn
502 1887 597 1952 etiam
607 1885 841 1973 jucundissima
852 1885 1020 1952 convictio.
1043 1887 1120 1952 Non

80 2025 132 2102 est
149 2013 235 2079 enim
249 2009 411 2098 sejunctus
421 2007 514 2098 jocus
529 2011 548 2075 i
563 2009 748 2097 philologii,
760 2021 794 2076 et
806 2007 988 2096 quotidiana
1001 2009 1120 2094 συζητῆ-

82 2161 141 2203 en.
189 2133 277 2201 Huic
290 2153 350 2220 ego
365 2135 473 2198 locum
488 2134 522 2198 in
533 2131 678 2220 proximo
692 2129 853 2212 conduxi3
867 2137 912 2212 et,
928 2141 965 2196 ut
978 2151 1121 2218 possum,

84 2281 126 2326 ex
157 2258 235 2323 meis
258 2257 412 2342 angustiis
437 2257 525 2323 illius
552 2266 695 2325 sustento
723 2255 922 2322 tenuitatem.
968 2253 1124 2322 Praeterea

83 2379 289 2448 declamitare
313 2381 427 2446 Graece
450 2380 534 2464 apud
554 2378 699 2444 Cassium
718 2379 854 2456 institui,
877 2379 990 2443 Latine
1016 2390 1121 2444 autem

89 2501 180 2590 apud
195 2501 356 2565 Bruttium
373 2472 509 2565 exerceri
523 2479 608 2566 volo.
652 2499 736 2562 Utor
754 2497 970 2580 familiaribus,
991 2507 1025 2564 et
1042 2521 1124 2586 qno·

84 2624 218 2698 tidianis
245 2606 490 2702 convictoribus,
516 2643 597 2708 qnos
613 2641 736 2700 ¹secum
762 2619 928 2706 Mitylenis
953 2619 1121 2708 Cratippus
1157 2648 1173 2661 ·

86 2746 233 2827 adduxit,
249 2743 431 2810 hominibus
447 2753 479 2807 et
493 2741 608 2823 doctis,
628 2751 661 2806 et
674 2740 723 2806 illi
745 2739 985 2828 probatissimis.
1026 2741 1118 2809 Mul-

88 2869 161 2936 tum
184 2867 280 2932 etiam
305 2885 429 2930 mecum
454 2873 502 2928 est
515 2859 689 2948 Epicrates,
704 2859 852 2946 princeps
866 2859 1121 2942 Atheniensium,

89 3002 124 3058 et
139 2989 308 3069 leonides,
331 2997 363 3052 et
384 2987 498 3052 horum
514 2984 621 3078 caeteri
635 2983 765 3052 similes.
807 2985 856 3046 Ta
868 2983 919 3066 pir
930 2977 963 3047 dr
978 2983 1037 3047 aad
1050 2985 1122 3066 speie

87 3113 167 3180 rste.
213 3109 263 3176 De
283 3107 401 3194 Gorgit
425 3118 531 3176 autem
553 3105 638 3194 q'uod
659 3103 738 3171 mihi
760 3103 880 3186 scribis,
903 3115 970 3170 erat
995 3104 1124 3191 quidem

89 3233 146 3304 ille
168 3235 201 3300 in
223 3233 405 3321 quotidiani
430 3207 659 3299 declamatione
685 3227 794 3297 utilis:
825 3228 881 3294 sed
902 3227 1010 3295 omnia
1031 3238 1120 3316 post-

92 3355 199 3442 posui,
214 3353 387 3423 dumruodo
401 3353 568 3440 preceptis
582 3351 679 3440 patris
692 3373 846 3439 parerem.
871 3349 1023 3440 ureppdlp
1037 3351 1123 3418 euim

87 3478 272 3568 scripserat,
286 3491 323 3544 ut
338 3499 410 3546 curu
427 3477 618 3544 dimitterem
639 3476 758 3544 atatim.
799 3473 1012 3561 Tergiversari
1028 3475 1126 3556 nolui,

93 3623 135 3694 pe
158 3621 231 3668 mea
250 3601 348 3672 nimia
372 3598 462 3679 meld
482 3597 695 3688 suspicionem
718 3599 748 3664 ei
768 3598 906 3686 aliquam
935 3599 1132 3688 importaret.-

94 3703 221 3798 Deinde
235 3722 316 3792 illud
331 3721 426 3790 etiam
441 3719 521 3790 mibi
536 3723 738 3788 succurrebat
750 3741 844 3806 grave
858 3741 940 3807 esse,
956 3723 1058 3789 mede
1071 3720 1126 3806 ju-
