2804 4524
244 319 284 380 rs
597 311 652 378 Ea
674 307 724 378 M.
746 293 915 376 ronaco

237 495 304 550 tem
326 481 440 550 titiam
462 485 512 549 rel
535 485 712 552 maximnm
733 483 776 550 slt
796 483 952 570 evulgari
974 499 1091 569 genere
1105 485 1270 572 orationis,

238 615 335 694 atque
347 608 367 672 a
380 606 614 674 consuetudine
628 608 807 674 communis
822 613 934 674 sesses
949 607 1129 678 abhorrere.

281 852 331 923 dc
345 877 385 922 ne
400 850 481 922 illud
495 855 624 944 quidem
646 859 720 921 rere
734 855 799 922 dici
814 863 932 942 potest,
955 868 1011 922 tat
1025 857 1133 942 plures
1148 853 1273 924 conns

238 979 359 1048 artlbbs
371 979 532 1062 insertire,
541 989 596 1045 aut
608 975 726 1066 majore
737 977 961 1060 delectatione,
974 990 1030 1045 aut
1043 995 1100 1066 spe
1112 980 1271 1062 uberiore,

238 1101 440 1186 antpratmiis
453 1099 492 1165 ad
504 1093 747 1188 perdiscendum
762 1099 970 1187 amplioribus
980 1101 1186 1167 commoveri.
1209 1101 1272 1167 llt·

239 1244 312 1311 que,
336 1234 373 1289 ut
388 1223 535 1288 omittam
551 1223 720 1305 Graeciam,
736 1245 808 1311 quse
822 1243 947 1310 semper
961 1224 1153 1311 eloquentiae
1172 1225 1264 1310 prin·

239 1363 314 1430 ceps
327 1365 397 1410 esse
409 1343 522 1426 voluit,
535 1355 630 1432 atque
643 1345 712 1410 illas
725 1345 869 1412 omnium
882 1345 1099 1411 doctrinarum
1113 1345 1269 1413 laventrl·

239 1485 292 1534 ces
308 1469 462 1550 Athenas,
485 1467 519 1534 ln
542 1469 659 1557 quibus
680 1488 806 1536 summa
820 1467 947 1534 dicendi
967 1467 1014 1535 sis
1031 1477 1064 1534 et
1078 1467 1208 1536 intenta
1222 1477 1272 1536 est

238 1597 272 1654 et
291 1593 452 1678 perfecta,
476 1589 509 1655 in
532 1591 592 1656 hdo
616 1590 686 1676 ipsd
708 1591 834 1656 cisitate
849 1592 994 1675 profecto
1021 1592 1111 1654 nulla
1134 1601 1275 1677 unquam

237 1713 468 1794 rehemeotlba
490 1716 586 1800 quarn
615 1713 806 1799 eloquentiae
834 1711 938 1777 studia
958 1713 1141 1796 viguerunt.
1186 1706 1272 1779 Nam

238 1839 456 1928 posteaquam,
473 1834 605 1918 imperio
620 1835 763 1898 omniurn
779 1833 925 1919 gentium
942 1833 1129 1916 constituto,
1144 1831 1270 1901 diutur-

238 1955 425 2042 nitaspacis
447 1956 549 2022 otium
572 1957 782 2038 confirmavit,
806 1975 900 2022 nemo
923 1957 988 2022 fere
1010 1957 1114 2022 laudis
1136 1957 1271 2045 cupidus

238 2075 420 2142 adolescens
442 2097 507 2142 non
523 2076 583 2142 sibl
598 2079 637 2142 ad
651 2076 822 2142 dicendum
844 2075 950 2142 studio
971 2077 1061 2142 omni
1084 2077 1271 2146 enitendum

236 2199 372 2287 putarit.
415 2201 463 2266 Ac
477 2200 580 2287 primo
595 2199 723 2287 quidem
738 2199 838 2268 totins
851 2199 982 2267 rallonls
1006 2175 1120 2288 ignari,
1143 2203 1198 2290 qul
1209 2219 1267 2269 ne·

237 2343 300 2410 qse
322 2323 556 2390 exercitationis
572 2325 670 2388 ullam
686 2323 782 2404 viam,
804 2343 908 2410 neque
924 2323 1051 2412 aliquod
1071 2327 1269 2413 praeceptum

238 2447 313 2512 artis
327 2469 394 2512 esse
410 2446 648 2527 arbitrarentur,
664 2457 801 2528 tantum,
816 2455 972 2534 quantum
988 2445 1119 2533 ingenio
1133 2457 1166 2514 et
1180 2421 1269 2534 eogi-

237 2571 357 2634 tatione
383 2579 541 2656 poterant,
568 2571 859 2656 consequebantur.
903 2567 1123 2652 restantem,
1150 2571 1266 2638 auditis

235 2693 412 2764 oratoribus
428 2693 562 2774 Graecis,
572 2693 772 2779 cognitisque
786 2715 895 2758 eornm
912 2691 1038 2776 litteris,
1052 2693 1266 2782 adhibitisque

232 2817 428 2896 doctoribus,
444 2815 619 2882 incredibili
630 2817 766 2902 quodam
778 2817 876 2882 nostri
891 2817 1037 2882 homines
1051 2803 1177 2882 dicendi
1192 2825 1263 2882 stoa

235 2935 289 3000 dio
311 2938 530 3019 flagraverunt.
575 2936 745 3000 Excitabat
773 2958 826 3000 eos
853 2935 1042 3020 magnitudo
1067 2945 1099 3000 et
1125 2935 1267 3020 varietas,

233 3057 471 3142 'multitudoque
487 3057 519 3121 in
536 3057 623 3122 omni
639 3064 755 3142 genere
769 3075 946 3136 causarum,
959 3065 996 3121 ut
1011 3057 1049 3122 ad
1064 3079 1134 3124 earn
1149 3059 1270 3126 doctri-

239 3199 323 3258 nam,
335 3197 430 3264 quam
445 3199 503 3241 suo
520 3179 656 3266 quisque
672 3177 777 3242 studio
793 3187 957 3242 assecutus
972 3188 1066 3256 esset,
1082 3177 1270 3266 adjungere-

232 3307 288 3363 tur
298 3293 374 3362 us'us
389 3301 547 3384 frequens,
563 3297 619 3382 qui
635 3298 780 3362 amasium
795 3297 1017 3382 magistrorum
1035 3311 1195 3385 praecepta
1212 3321 1267 3364 su·

236 3429 370 3508 peraret.
402 3421 503 3485 Erant
516 3433 623 3484 autem
637 3421 713 3484 huic
726 3419 831 3484 studio
844 3419 990 3502 maxima,
1003 3441 1076 3507 qnae
1087 3441 1175 3488 nuuc
1186 3443 1268 3510 quo-

234 3565 298 3631 que
320 3553 407 3626 sunt,
428 3543 591 3630 proposita
609 3543 749 3626 mamis,
772 3545 820 3606 vel
837 3542 876 3606 ad
890 3543 1037 3626 gratiam,
1056 3545 1106 3608 vel
1122 3545 1161 3610 ad
1180 3563 1269 3630 opes,

235 3669 286 3732 vel
308 3667 348 3734 ad
361 3667 562 3752 dignitatem.
606 3665 739 3752 Ingenia
759 3667 832 3731 verb
850 3669 900 3750 (nt
915 3667 1026 3732 multis
1042 3667 1138 3732 rebus
1151 3685 1268 3752 possu-

236 3813 308 3858 mus
319 3789 474 3878 judieare)
494 3799 675 3854 nostrorum
691 3789 860 3854 hominum
874 3792 1011 3856 multum
1027 3789 1149 3857 coeteris
1163 3791 1266 3862 homi·

240 3915 336 3982 nibus
351 3914 495 3980 omniurn
509 3911 655 3998 gentium
672 3911 904 3999 praestiterunt.
