2804 4524
525 275 763 352 ctcsnonn
1112 296 1153 356 tt

120 455 241 528 tutus
252 456 402 546 preclare
413 455 564 524 adosse
575 458 710 524 dicituri
725 457 1019 546 Themistoclesque
1031 461 1153 548 aliquot

119 587 313 670 enidensis,
328 592 402 654 chm
418 589 452 654 in
466 588 570 676 epulis
582 559 756 656 recustsset
771 593 879 677 lyram,
900 592 1029 659 habitus
1041 605 1089 660 est
1101 595 1153 661 in·

117 713 258 782 doctior.
302 712 390 797 Ergo
411 713 444 778 in
460 713 585 779 Grecit
601 714 714 780 musici
729 715 914 797 floruerunt,
928 715 1153 805 discebantque

117 837 157 901 ld
171 855 302 902 omnesc
326 855 397 920 nee,
412 835 468 923 qui
481 837 654 918 nesciebat,
679 837 753 904 setis
768 841 913 903 excultus
926 837 1070 904 doctrint
1090 863 1154 926 pu·

120 961 263 1026 trahatur.
295 959 334 1023 ln
348 977 474 1025 annuno
488 961 572 1045 apud
585 961 657 1026 illos
671 960 791 1026 honore
802 962 975 1046 geometria
988 961 1071 1028 luite
1094 963 1155 1027 ita·

120 1103 190 1170 que
204 1081 284 1147 nihil
299 1083 530 1150 mathematicis
545 1084 714 1150 illustrius.
750 1085 795 1152 lit
809 1107 879 1166 nos,
893 1085 1043 1150 metiendi
1058 1085 1155 1151 ratio·

120 1205 315 1291 cinandique
330 1205 476 1288 utilitate,
490 1206 587 1294 hujus
602 1208 676 1272 artis
691 1209 927 1274 terminavimus
941 1209 1083 1274 modum.

169 1330 213 1394 At
226 1333 338 1396 contri
352 1341 508 1396 oratorem
521 1333 663 1396 celeriter
676 1316 836 1418 complexi
850 1355 981 1398 sumus:
1004 1353 1064 1398 nec
1081 1352 1155 1398 eum

121 1452 229 1541 primi
251 1455 421 1536 eruditum,
437 1463 546 1540 aptum
562 1465 667 1521 tamen
691 1455 730 1518 ad
753 1455 938 1535 dicendum3
959 1457 1031 1540 pdst
1049 1465 1156 1520 sutem

122 1575 297 1642 eruditum.
340 1577 425 1642 Nam
441 1577 589 1658 Galbam,
604 1573 802 1657 Africanum,
818 1577 964 1657 Laelium,
976 1575 1089 1640 doctos
1102 1577 1156 1640 la-

121 1701 202 1782 isse,
225 1700 388 1766 memorias
403 1701 553 1766 traditum
569 1709 637 1764 est:
662 1701 839 1764 studiosum
855 1709 962 1764 antem
989 1719 1077 1780 eum,
1100 1699 1156 1784 qui

124 1823 188 1888 hos
202 1829 296 1887 estete
309 1822 462 1902 anteibat,
478 1819 653 1886 Catonem:
676 1823 750 1908 phet
764 1821 838 1886 verd
850 1819 1021 1907 lapidum,
1038 1817 1158 1885 Carbo·

126 1963 215 2026 nem,
239 1945 423 2013 Gmcchosr
447 1943 560 2010 deinde
580 1945 625 2009 ita
648 1965 780 2028 magnos
801 1953 939 2010 nostram
963 1943 1159 2039 adsalutem,

126 2079 247 2138 utnon
264 2041 414 2150 multhm,
429 2076 484 2133 aut
498 2066 578 2132 nihil
593 2037 724 2132 omnind
740 2067 862 2133 Grcecis
878 2065 1052 2134 cederetur.

174 2191 385 2278 Philosophia
405 2189 505 2277 jacuit
526 2211 626 2277 usque
651 2189 690 2254 sd
712 2189 796 2255 hanc
811 2197 949 2270 aetutem,
974 2211 1032 2255 nec
1058 2179 1160 2255 ullum

127 2315 243 2385 hahuit
268 2316 377 2380 lumen
402 2313 562 2379 literarum
589 2313 793 2378 latinarumr
828 2333 899 2400 ques
921 2311 1105 2379 illustranda
1128 2324 1161 2378 et

130 2439 300 2506 excitanda
312 2437 405 2504 nobis
418 2445 488 2516 estr
510 2445 559 2516 ut,
574 2435 602 2500 si
615 2435 762 2522 occupati
774 2435 949 2522 profuimus
958 2435 1077 2522 aliquid
1087 2435 1164 2500 civi·

130 2564 193 2630 hus
208 2561 334 2642 nostris,
356 2559 512 2646 prosimus
528 2531 642 2638 etinmJ
655 2558 682 2622 si
695 2581 877 2645 possumus,
892 2557 996 2622 otiosi.
1040 2559 1078 2622 ln
1101 2579 1165 2641 quo
1230 2579 1234 2586 ¹

134 2689 174 2752 ed
204 2683 304 2770 magis
335 2683 427 2748 nobis
453 2691 502 2746 est
524 2680 759 2759 elaborandum,
781 2680 864 2766 quhd
886 2679 980 2742 multi
1005 2676 1071 2762 jam
1095 2699 1165 2740 ease

136 2808 243 2875 meisi
266 2805 339 2872 libri
362 2805 509 2870 dicuntur
524 2801 631 2888 scripti
649 2800 877 2866 inconsiderate
891 2801 930 2864 ab
954 2799 1081 2884 optimis
1104 2798 1166 2863 illis

136 2931 265 3018 quidem
279 2929 364 3008 viris,
380 2927 434 2992 sed
451 2947 516 2992 non
538 2925 612 2990 setis
628 2923 771 2990 eruditis.
815 2921 896 2986 Fieri
920 2933 1025 2986 autem
1047 2933 1165 3008 potest,

139 3065 177 3120 ut
190 3055 276 3147 recte
290 3051 359 3138 quis
375 3050 502 3130 sentiat,
515 3057 546 3114 et
563 3049 606 3130 id,
623 3047 708 3134 quod
721 3045 830 3128 sentit,
845 3045 943 3134 polite
969 3049 1075 3136 eloqui
1101 3073 1166 3117 non

137 3177 251 3264 possit.
296 3175 358 3239 Sed
374 3171 520 3238 mandore
543 3193 721 3259 quenquam
744 3171 842 3236 literis
857 3173 1064 3266 cogitationes
1079 3165 1166 3260 suns,

139 3298 195 3387 qui
218 3320 271 3364 ess
297 3319 356 3362 nec
379 3297 543 3382 disponere
570 3297 796 3362 necillustrare
817 3299 928 3384 possit,
943 3323 1002 3366 nec
1027 3305 1167 3370 delecta·

140 3431 226 3495 tione
251 3429 356 3516 aliqud
377 3429 501 3495 allicere
522 3431 683 3511 lectorem,
706 3430 843 3496 hominis
859 3444 907 3498 est
922 3434 1167 3520 intemperanter

141 3549 300 3616 abutentis
317 3559 348 3614 et
363 3549 429 3614 otio
444 3559 476 3614 et
490 3549 599 3614 literis.
643 3550 753 3637 ltaque
773 3573 847 3616 suos
863 3553 959 3618 libros
975 3554 1034 3640 ipsi
1056 3558 1169 3643 legunt

143 3693 214 3738 cum
239 3671 316 3753 anis,
332 3693 390 3736 nec
404 3671 570 3758 quisquam
585 3669 725 3756 attingit,
740 3685 853 3758 prester
872 3695 938 3756 eos,
963 3676 1018 3760 qui
1038 3681 1170 3747 eandem

143 3794 302 3860 licentiam
317 3793 474 3860 scribendi
489 3793 548 3860 sibi
563 3793 704 3880 permitti
718 3795 842 3862 volunt.
885 3797 991 3868 Quare
1012 3800 1039 3866 si
1053 3802 1171 3889 aliquid

146 3915 288 3983 oratoriae
302 3915 386 3982 leudi
403 3919 511 3982 nostri
525 3915 688 3985 attulimus
701 3916 867 4002 industrii,
882 3923 984 3988 miultis
997 3923 1167 3992 studiosius
