2738 4502
502 259 558 350 Er
580 275 715 348 livre.
1064 288 1125 354 res

81 437 206 524 dieitur
214 444 310 522 Gallo
324 441 454 520 barbani
467 472 571 536 suam,
580 466 617 520 ut
627 466 700 520 tum
714 453 862 520 omnibus
875 453 1028 542 promissa
1041 461 1120 540 erat,

82 577 313 670 permnloen'ti,
328 578 470 666 scipione
485 581 626 644 ebumoo
640 579 674 644 in
689 589 786 666 capnt
799 577 927 644 incusso
947 579 1026 646 iram
1049 601 1120 648 mo-

81 705 197 770 visse:
219 704 314 789 atq'ue
329 703 369 769 ab
385 723 425 768 eo
436 701 563 794 initium
580 699 676 768 cedis
691 713 809 784 ortum,
834 715 964 768 ceteros
980 705 1013 769 in
1035 703 1121 770 serli-

82 831 151 894 bus
167 827 234 892 s'uis
250 823 434 892 trucidatos.
479 825 555 892 Post
566 825 748 913 prinelpum
762 827 895 908 eaedem,
910 827 992 892 nulli
1006 827 1121 894 deinde

84 949 273 1017 mortalium
287 950 385 1036 parci,
400 949 492 1037 diripi
508 951 602 1031 tecta,
618 949 780 1016 eabuustis
796 949 882 1038 injici
899 951 1001 1037 ignes.

134 1075 205 1140 Arx
236 1069 349 1140 Romae
378 1071 636 1162 Capitoliumque
663 1073 697 1140 in
727 1073 849 1162 ingenti
880 1077 1022 1163 periculo
1050 1073 1121 1142 fuit.

81 1188 240 1282 Namque
249 1193 347 1276 Galli,
362 1216 418 1261 seu
427 1195 561 1281 vestigio
577 1207 687 1262 notato
701 1197 854 1279 humano,
870 1220 925 1263 sen
938 1203 993 1264 snt
1006 1211 1121 1286 sponte

86 1317 310 1386 animadverso
320 1317 359 1384 ad
369 1319 547 1384 Carmentis
560 1341 671 1384 saxum
683 1339 816 1386 ascensu
826 1344 929 1408 aequo,
940 1333 1032 1386 nocte
1046 1323 1122 1387 sub-

88 1434 199 1525 lustri,
212 1463 312 1529 quum
325 1439 427 1530 primu
440 1443 606 1524 inermem,
622 1443 676 1528 qui
690 1451 828 1507 tentaret
842 1443 936 1523 viam,
951 1439 1123 1529 praemisis-

88 1577 178 1648 sent,
195 1565 354 1632 tradentes
367 1565 441 1632 inde
454 1587 550 1648 arma,
562 1565 617 1630 ubi
633 1565 709 1654 quid
722 1565 819 1651 iniqui
836 1575 929 1645 esset,
945 1565 1056 1630 alterni
1071 1565 1124 1629 in-

88 1685 175 1770 nixi,
189 1684 456 1776 sublevantesque
470 1683 607 1752 invicem
625 1695 657 1752 et
673 1687 833 1752 trahentes
849 1685 900 1750 alii
921 1685 1010 1766 alios,
1030 1695 1125 1771 prout

88 1811 269 1900 postularet
294 1811 396 1892 locus,
418 1815 510 1877 tanto
533 1811 661 1876 silentio
685 1811 718 1876 in
740 1831 901 1874 summum
927 1831 1065 1891 evasere,
1088 1807 1126 1876 ut
1183 1891 1188 1908 ,

92 1957 165 2002 non
180 1933 329 2000 custodes
341 1935 446 2002 rolirm
462 1937 621 2017 fallerent,
642 1933 698 2000 sed
713 1956 753 1999 ne
767 1957 861 2020 canes
877 1933 1017 2020 quidem,
1040 1931 1127 1998 solli-

92 2057 199 2126 citum
213 2057 329 2124 animal
344 2059 383 2123 ad
398 2067 571 2124 nocturnos
587 2057 750 2152 strepitus,
769 2057 954 2122 excitarent.
991 2059 1129 2122 Anseres

92 2197 165 2243 non
180 2169 318 2241 ielellere
327 2200 339 2257 3
361 2174 480 2264 quibus
496 2173 590 2241 sacris
604 2171 729 2241 Junoni
744 2175 777 2238 in
794 2178 919 2240 summu
943 2173 1050 2260 inopia
1066 2175 1130 2240 eibi

94 2311 207 2368 tamen
220 2297 446 2366 abstinebatur.
483 2297 566 2370 Qun
581 2319 628 2364 res
644 2297 738 2364 saluti
755 2297 826 2362 fuit.
869 2297 1018 2384 Namque
1041 2301 1129 2363 elan-

96 2445 178 2512 gore
203 2445 314 2492 eorum
337 2423 521 2508 alarumque
546 2421 668 2508 crepitu
683 2420 805 2486 excitus
830 2419 880 2484 M.
903 2419 1059 2500 Manlius,
1075 2421 1130 2504 qui

100 2547 241 2616 triennio
256 2551 331 2613 ante
346 2547 457 2614 consul
472 2547 584 2625 fuerat,
599 2543 646 2610 vir
660 2545 744 2608 bello
757 2543 913 2626 egregius,
923 2543 1016 2606 armis
1031 2565 1134 2628 arrep-

95 2673 140 2738 tis
155 2672 251 2738 simul
266 2669 306 2736 ad
322 2690 408 2736 arma
422 2678 557 2733 eeteros
569 2665 751 2730 ciensvadit
759 2691 770 2742 ;
799 2675 841 2742 et,
856 2663 932 2726 dum
944 2663 1051 2727 caeteri
1065 2675 1131 2728 tre-

97 2783 225 2886 pidarit,
241 2789 382 2874 Gallum,
408 2789 462 2878 qui
481 2787 548 2876 jam
570 2784 602 2856 in
624 2809 750 2852 summo
772 2785 969 2866 constiterat,
992 2787 1134 2850 umbone

98 2921 204 2987 ictum
216 2919 373 2984 deturbat.
396 2911 501 3001 Cujus
512 2935 602 2979 casus
612 2910 751 2998 prolapsi
764 2931 863 2996 quum
878 2909 1038 2996 proximos
1052 2921 1132 2974 ster·

100 3055 204 3124 neret,
229 3040 421 3129 trepidantes
443 3039 532 3118 alios,
557 3035 714 3120 armisque
739 3033 875 3115 omissis,
904 3056 988 3114 sana,
1012 3035 1131 3120 quibus

99 3167 319 3246 adhaerebant,
334 3163 480 3229 manibus
495 3161 659 3246 amplexos
675 3157 821 3224 trucidat.
865 3157 1003 3244 Jamque
1024 3169 1056 3223 et
1079 3156 1134 3222 alii

102 3289 291 3377 congregati
304 3289 374 3354 telis
386 3285 620 3374 missilibusque
635 3283 718 3352 saxis
730 3283 915 3370 proturbare
932 3279 1051 3357 hostes,
1068 3275 1135 3342 rui-

101 3421 212 3501 naque
227 3423 293 3480 tota
307 3414 452 3499 prolapsa
466 3409 549 3476 acies
564 3407 599 3474 in
610 3429 753 3496 preceps
774 3401 896 3468 deferri.
942 3401 1059 3465 Sedato
1080 3399 1137 3464 de-

102 3535 181 3604 inde
196 3535 351 3616 tumultu,
362 3533 522 3621 reliquum
538 3529 641 3596 noetis
660 3533 827 3615 (quantum
847 3525 881 3588 in
897 3521 1031 3588 turbatis
1044 3543 1137 3588 men-

103 3661 194 3727 tibus
209 3667 342 3746 poterat,
355 3675 455 3743 quum
469 3653 666 3742 praeteritum
682 3670 808 3736 quoque
824 3645 1003 3734 periculum
1018 3643 1136 3710 sollici·

104 3784 201 3866 taret)
221 3781 321 3869 quieti
340 3779 451 3846 datum
475 3789 534 3843 est.
579 3777 667 3842 Luce
693 3777 773 3854 ortt,
799 3769 918 3836 vocatis
942 3769 1075 3834 classico
1101 3767 1139 3832 ad

105 3905 285 3976 concilium
299 3903 455 3972 militibus
465 3901 504 3970 ad
513 3899 668 3979 tribunos,
678 3917 777 3984 quum
789 3905 820 3960 et
832 3899 916 3960 recte
933 3903 965 3957 et
976 3907 1140 3978 perperam
