2750 4510
514 247 723 320 1111110.
1004 299 1015 308 .
1072 241 1132 321 in
1173 327 1176 336 ¹

93 678 249 748 Dictator
269 681 402 742 erectus.
444 669 518 738 Lib.
536 671 580 738 11.
607 669 701 740 U.C.
726 677 801 738 2⁵3.
844 670 892 736 Et
915 687 1027 758 pugno
1047 667 1133 754 opitu

404 795 574 883 Regiibtm.
623 796 667 860 U.
685 794 721 862 C.
743 801 821 862 255.
867 797 872 802 ’

99 963 317 1086 CREATO
340 1005 492 1073 dictatore
513 1005 650 1094 primum
668 1003 794 1090 Rome,
808 1015 979 1094 postquam
992 1003 1134 1094 praeierti

96 1157 226 1202 secures
241 1137 401 1216 viderunt,
415 1149 549 1221 magnus
564 1135 691 1222 plebem
706 1146 811 1202 metus
825 1134 968 1218 incessit,
978 1147 1014 1202 ut
1023 1135 1133 1204 inteu-

98 1261 199 1328 tiores
220 1270 327 1324 essent
349 1257 476 1324 addicto
494 1257 693 1346 parendum:
721 1279 824 1345 neque
840 1259 938 1339 enim,
953 1269 990 1324 ut
1004 1259 1039 1326 in
1053 1281 1133 1326 con·

98 1382 237 1464 solibus,
252 1382 307 1470 qui
320 1381 387 1468 puri
400 1391 558 1470 potestate
571 1391 691 1462 essent,
704 1381 833 1448 alterius
848 1381 1016 1464 auxilium,
1031 1404 1136 1472 neque

98 1506 286 1596 prouocatio
311 1516 398 1588 erat3
422 1525 526 1592 neque
545 1505 648 1570 ullum
662 1527 809 1592 usquam,
833 1505 896 1570 nisi
919 1504 954 1570 in
977 1509 1052 1572 curt
1075 1527 1136 1594 pn·

100 1629 207 1714 rendi,
222 1629 387 1698 auxilium.
416 1627 543 1694 Sabinis
555 1627 651 1694 etiem
666 1637 790 1694 orestus
805 1628 919 1694 Romae
934 1627 1070 1696 dictator
1085 1629 1137 1718 (eb

100 1753 304 1840 magisqubd
318 1761 448 1840 propter
460 1773 494 1818 se
506 1763 647 1820 creatum
661 1751 870 1844 credidennnt)
889 1761 1012 1840 mctnm
1027 1750 1140 1834 incus·

101 1878 159 1946 eit.
201 1877 313 1964 Itaque
336 1877 458 1964 legatos
481 1875 521 1942 de
542 1897 620 1966 pace
634 1877 780 1946 mittunt.
824 1877 952 1950 Quibus
975 1875 1139 1945 orantibus

101 1999 291 2066 dictatorem
307 1977 529 2086 senatumque,
544 2009 582 2064 ut
595 1997 719 2066 veniam
731 1999 842 2066 erroris
857 1999 1044 2068 bominibus
1059 2001 1140 2070 ado·

103 2120 300 2190 lescentibus
316 2119 438 2203 docnt,
453 2141 642 2208 responsum
657 2121 782 2208 ignosci
795 2123 1050 2192 adolescentibus
1063 2145 1142 2213 pos-
1186 2143 1203 2182 1

103 2265 154 2328 se,
174 2243 304 2310 senibus
325 2265 391 2310 non
405 2263 512 2332 posse,
538 2244 594 2336 qui
607 2245 694 2312 belle
706 2267 747 2315 ex
760 2247 853 2314 bellis
876 2257 1027 2316 sererent.
1071 2250 1141 2317 Ac·

109 2379 181 2436 tom
197 2377 306 2436 tumen
317 2375 366 2434 est
381 2367 421 2432 de
433 2387 534 2456 paces
556 2367 786 2458 impetrataque
800 2371 895 2453 foret,
914 2369 955 2454 si,
976 2369 1064 2462 quod
1082 2369 1148 2439 im·

102 2511 214 2586 pensus
239 2491 361 2562 tactum
381 2489 416 2558 in
438 2492 561 2558 beilum
583 2503 662 2576 eret,
681 2500 832 2581 precatore
858 2493 970 2560 Sebini
994 2494 1039 2580 (id
1054 2495 1142 2562 enim

106 2615 306 2706 postulatum
320 2615 399 2700 erat)
424 2613 458 2680 in
478 2613 623 2680 animum
634 2613 849 2682 induxissent.
893 2613 1024 2684 Bellum
1038 2614 1144 2686 indic·

109 2753 191 2808 tum.
234 2739 356 2806 Tacitis
371 2737 508 2808 inducite
523 2736 667 2826 quietum
682 2759 803 2804 annum
819 2740 961 2804 1111111.

152 2866 195 2930 Α.
217 2859 403 2930 Postumius
425 2863 573 2946 dictator,
596 2861 637 2928 T.
658 2859 811 2928 AEbutius
836 2859 986 2948 magister
1000 2861 1147 2954 equitum

110 2987 236 3076 magnis
251 2988 351 3076 copiis
366 2987 510 3076 peditum
525 2985 733 3074 equitumque
747 2987 881 3074 profecti
903 2987 943 3054 nd
965 2990 1070 3056 lacum
1083 2987 1152 3075 Re·

110 3115 229 3202 gilium
242 3113 277 3180 in
291 3133 368 3200 agro
378 3113 565 3180 Tusculano
578 3111 699 3200 agmini
713 3111 855 3180 hostium
871 3122 1089 3182 occurrerunt.
1104 3109 1152 3178 Et

115 3233 192 3323 quia
214 3233 408 3322 Tarquinios
429 3255 498 3300 esse
512 3233 546 3298 in
569 3233 709 3300 exercitu
727 3234 914 3302 latinorum
930 3233 1076 3302 auditum
1092 3241 1154 3316 est,

114 3358 266 3426 sustineri
279 3358 327 3423 ira
337 3381 401 3424 uon
414 3357 532 3446 potuit,
545 3358 622 3446 quin
636 3360 798 3446 extempib
816 3359 1036 3444 confligerent.
1063 3357 1153 3448 Ergo

94 3501 97 3504 ·
115 3479 215 3548 etium
235 3482 384 3570 prolium
400 3480 564 3568 eliquanto
576 3483 672 3568 quim
687 3490 801 3546 cetera
812 3479 938 3566 gravius
951 3489 1048 3568 etque
1069 3489 1155 3548 stro·

117 3603 189 3672 cius
212 3605 286 3670 fuit.
334 3605 409 3671 Non
438 3601 524 3670 enim
547 3603 646 3670 duces
660 3603 701 3669 ad
722 3604 892 3689 regendam
909 3604 1004 3672 modo
1019 3603 1158 3674 consilio

115 3749 186 3800 rem
199 3729 328 3810 effuse,
343 3725 399 3794 sed
411 3725 549 3796 suismet
569 3725 646 3814 ipsis
662 3727 848 3812 corporibus
872 3726 1059 3796 dimicantes
1077 3727 1157 3796 mis*

118 3851 213 3922 outre
226 3851 409 3918 certamina.
454 3851 527 3919 Nec
542 3849 712 3938 quisquam
725 3851 894 3940 proceruni
912 3853 1015 3930 ieme
1028 3852 1091 3920 btc
1104 3863 1160 3920 cut

122 3973 199 4044 une
219 3995 261 4044 ex
274 3973 342 4044 soie
362 3973 433 4042 sine
454 3973 597 4060 1111111,
616 3983 736 4064 protes
756 3973 944 4052 Ι(1111111111
966 3973 1162 4058 Romanum,

610 4095 642 4170 Ζ
658 4103 679 4166 2
