2724 4494
1035 209 1051 245 ρ

400 237 405 246 ’
490 255 667 322 metro,
1037 259 1101 316 sss

57 435 163 509 serre,
187 430 300 518 injurio
326 429 479 494 rirtntum
508 429 612 493 luerit.
657 429 708 491 Ne
736 425 851 490 luminu
882 425 1021 511 quidem,
1047 425 1098 489 eui

57 557 165 620 etium
181 541 266 638 saepe
282 553 357 617 boni
371 553 550 637 indulgent,
566 551 753 616 ostentnndb
770 551 897 628 virtute,
911 559 964 612 aut
977 571 1034 634 per
1049 572 1097 611 ar-

59 689 135 743 tem
152 677 308 763 quaesivit.
347 675 457 739 Minus
478 675 647 738 triennium
665 673 695 738 in
713 679 749 738 eil
766 673 922 758 legatione
939 678 1098 756 detentus,

60 825 103 868 ae
134 801 241 866 statim
267 801 305 864 ad
331 821 418 884 spem
446 801 629 863 consulatus
653 799 815 863 revocetur
843 811 902 879 est,
928 799 1099 864 eomitante

62 915 234 1013 opinione,
249 927 444 990 Britanniam
459 926 486 988 ei
501 927 694 1011 proxinciam
709 923 784 1004 duri,
801 925 898 989 nullis
914 925 944 989 in
962 901 1021 989 lnie
1034 927 1099 988 suis

63 1051 280 1130 sermonibus,
300 1047 355 1112 sed
370 1049 444 1134 quin
458 1071 513 1134 pnr
528 1047 702 1112 videbatur.
750 1047 847 1111 llnud
870 1031 994 1135 semper
1019 1061 1100 1114 erret

64 1173 166 1250 fanin,
178 1169 347 1255 aliquando,
356 1179 386 1233 et
399 1169 488 1254 eligit
500 1194 507 1232 :
533 1170 639 1232 stutirn
652 1167 827 1260 Britnnnire,
843 1173 1028 1258 praepositus
1042 1187 1099 1239 est.

72 1464 151 1528 Post
178 1485 226 1528 res
255 1463 378 1550 egregie
404 1464 436 1528 in
470 1460 668 1527 Bnnnssm
698 1474 815 1550 gestos,
845 1467 1033 1534 Aeniorum
1061 1471 1104 1534 au

299 1585 431 1652 llonrnr
454 1588 579 1666 rcelitrre,
595 1588 761 1672 ibidemque
774 1609 866 1654 rnors.
941 1623 944 1629 Δ
1035 1643 1038 1652 .

74 1715 407 1837 TRADtDERnT
429 1761 555 1835 interim
581 1771 728 1855 Agricola
751 1773 924 1838 successori
949 1795 1007 1838 suo
1029 1797 1102 1859 pro-

71 1884 208 1949 vinciam
234 1883 374 1970 quietam
398 1893 581 1969 tutamque.
627 1883 674 1947 Ac
700 1905 740 1946 ne
757 1877 904 1948 notabilis
922 1887 1103 1950 celebritate

75 2023 109 2074 et
138 2007 316 2094 frequentia
345 2007 577 2072 occurrentium
607 2003 756 2072 introitus
781 2019 874 2089 esset,
898 2009 995 2074 vitato
1023 2007 1103 2075 orni-

76 2151 186 2197 eorum
203 2129 319 2208 officio,
345 2139 443 2193 noctu
459 2129 492 2192 in
508 2131 630 2208 urbem,
653 2139 752 2193 noctu
767 2127 800 2192 in
816 2129 979 2215 palatium,
1002 2131 1046 2196 ita
1067 2145 1104 2197 ut

76 2261 271 2340 preceptum
287 2261 364 2330 erat,
381 2249 490 2315 venit:
514 2261 731 2336 exceptusque
746 2239 834 2315 brevi
846 2244 956 2316 osculo
972 2265 1003 2317 et
1017 2255 1105 2319 nullo

78 2385 235 2454 scurrone,
259 2375 361 2438 turbae
383 2373 586 2437 servientium
613 2368 777 2437 immistus
796 2383 857 2438 est.
902 2349 1054 2440 Cetcnlm¹
1070 2389 1108 2442 ut

79 2499 213 2564 militare
237 2495 368 2576 nomen,
392 2515 486 2578 greve
508 2493 589 2558 inter
604 2493 735 2574 otiosos
751 2495 819 2558 aliis
835 2495 1005 2562 virtutibus
1021 2511 1105 2563 tem·

79 2631 214 2710 peraret,
231 2617 491 2724 tranquillitatem
508 2629 601 2700 atquc
617 2616 718 2680 otium
741 2616 869 2700 'penitus
894 2605 993 2698 anxit,
1017 2623 1107 2684 cultu

79 2745 237 2822 modicus,
253 2759 397 2806 sermone
414 2738 525 2818 facilis,
542 2759 606 2801 nno
621 2747 675 2802 rut
694 2740 793 2802 altero
814 2738 988 2804 amicorum
1005 2743 1105 2806 corni-

80 2883 185 2936 rarus:
213 2869 292 2931 adeb
306 2876 344 2930 ut
358 2863 510 2952 plerique,
535 2863 651 2948 quibus
673 2883 803 2946 magnos
820 2863 902 2928 viros
925 2885 981 2950 per
1004 2869 1104 2934 orubi-

81 2991 199 3056 tionem
217 2987 372 3052 estimare
388 2983 456 3049 mos
472 2994 531 3064 est,
548 2984 615 3048 viso
631 2995 821 3070 aspectoque
837 2987 995 3072 Agricola,
1019 3013 1107 3076 quae.

80 3119 185 3180 retent
203 3111 335 3188 lernam,
366 3107 458 3194 pauci
490 3109 779 3192 interpretarentur.
826 3107 943 3173 Crebro
974 3135 1107 3197 percos

81 3235 149 3299 dies
172 3231 255 3317 apud
277 3229 502 3296 Domitianum
515 3229 629 3291 absens
654 3238 830 3305 accusatus,
847 3231 960 3292 absens
977 3233 1106 3296 absolu-

84 3374 137 3422 cns
151 3366 210 3420 est.
255 3355 359 3418 Causa
374 3351 505 3438 periculi
533 3373 597 3414 non
622 3349 741 3414 crimen
765 3353 878 3430 ullum,
898 3361 956 3444 ¹unt
983 3357 1110 3438 querela

85 3479 152 3548 laesi
167 3475 366 3565 cujusquam,
380 3473 434 3539 sed
449 3467 592 3538 infensus
607 3472 776 3538 virtutibus
790 3473 947 3560 princeps,
964 3487 995 3541 et
1011 3479 1109 3563 gloria

85 3595 153 3675 viri,
178 3613 216 3657 ec
242 3592 416 3678 pessimum
432 3585 635 3653 inimicorum
647 3611 761 3673 genus,
783 3591 956 3656 laudantes.
1000 3593 1045 3660 Et
1072 3621 1108 3664 ea

88 3723 230 3786 insecuta
252 3713 530 3801 sunt'reipublicae
555 3723 708 3798 tempora,
732 3709 802 3799 quei
825 3711 908 3780 sileri
929 3717 1118 3810 Agricolam

88 3865 151 3912 nou
176 3841 325 3905 sinerent.
370 3839 451 3904 Cbm
476 3835 506 3902 in
539 3833 654 3900 Maesir
680 3835 852 3926 Daeitque‚
878 3849 909 3904 et
939 3841 1106 3910 Germanici

549 3959 652 4026 ΧΗ
