2750 4510
487 246 723 318 donanda.
789 204 791 215 ’
997 345 1001 359 Ι
1048 269 1103 338 ro

88 433 139 488 est
152 422 214 494 ista
228 421 392 489 bominum
404 421 513 506 gloria,
537 445 609 509 quae
632 421 785 508 pertinere
804 421 856 486 vix
870 421 909 488 ad
924 425 1016 492 unius
1031 432 1105 495 anui

88 557 211 630 partem
222 546 367 630 exiguam
381 549 510 631 potestl
535 545 634 630 Igitur
648 549 710 612 alte
725 559 862 633 spectare
886 552 911 614 si
936 552 1034 632 voles,
1056 565 1105 618 at-

88 693 151 760 que
177 673 259 740 hanc
273 675 379 740 sedem
394 687 426 740 et
440 685 588 740 uternam
608 677 736 742 domurn
763 680 924 760 contueri3
948 703 1048 766 neque
1073 695 1106 746 te

87 803 288 869 sermonibus
302 802 389 887 vulgi
405 803 536 884 dederis,
552 826 610 868 nec
632 804 665 868 in
682 805 818 889 praemiis
843 805 989 868 humanis
1016 827 1102 892 spem

86 925 232 1011 posueris
257 946 361 990 rerum
389 937 536 990 tuarum:
573 925 639 990 suis
661 935 693 988 te
715 925 868 990 illecebris
890 937 1015 1011 oportet
1039 928 1105 1014 ipsa

84 1049 188 1114 virtus
199 1049 303 1112 trahat
313 1047 352 1112 ad
366 1071 473 1113 verum
488 1050 595 1114 decus.
638 1049 725 1119 Quid
745 1049 783 1112 de
798 1061 829 1114 te
853 1051 906 1114 alii
925 1054 1105 1136 loquantur,

86 1170 153 1258 ipsi
165 1171 291 1235 videant
305 1195 315 1250 3
340 1172 394 1236 sed
408 1175 578 1257 loquentur
591 1184 709 1237 tamen.
755 1171 865 1236 Sermo
880 1183 986 1237 autem
1001 1175 1104 1240 omnis

86 1295 143 1359 ille
169 1303 201 1357 et
226 1293 379 1377 angustiis
406 1293 543 1377 cingitur
567 1293 606 1356 iis
619 1294 804 1384 regionum,
825 1315 901 1378 quas
925 1295 1022 1377 vides,
1046 1319 1105 1362 nce

87 1433 230 1498 unquam
245 1413 283 1476 de
298 1413 518 1498 ulloperennis
533 1411 611 1491 luit3
628 1424 659 1475 et
674 1414 815 1478 obruitur
829 1415 993 1478 hominum
1008 1415 1106 1482 inter·

86 1535 150 1615 itu,
163 1545 195 1598 et
208 1535 366 1599 oblivione
381 1533 570 1622 posteritatis
585 1533 830 1618 exstinguitur.”

131 1658 300 1728 Quocum
316 1657 455 1736 dixisset,
472 1661 495 1694 ‘⁶
509 1655 581 1741 Ego
597 1658 704 1736 verb,”
720 1656 860 1740 inquam,
876 1633 900 1694 ἶ(
913 1659 933 1720 d
947 1657 1105 1740 Africana,

84 1779 113 1846 si
126 1777 253 1865 quidem
268 1777 474 1842 benemeritis
487 1776 525 1840 de
535 1776 634 1862 patria
645 1776 733 1862 quasi
745 1777 833 1840 limes
846 1776 884 1840 ad
899 1776 973 1840 coeli
985 1770 1104 1844 aditum

84 1889 184 1989 natet,
208 1921 386 1990 quanquam
408 1903 427 1966 b
450 1877 585 1987 pueritit
604 1899 743 1984 vestigiis
765 1899 921 1984 ingressus
943 1901 1051 1986 patriis
1073 1913 1106 1966 et

86 2023 164 2104 tuis,
178 2023 284 2089 decori
296 2033 399 2087 vestro
424 2043 488 2086 non
504 2021 611 2101 defui3
634 2043 720 2086 nunc
739 2032 856 2102 tamen,
872 2031 962 2086 tanto
975 2023 1107 2108 praemio

86 2145 258 2232 proposito,
273 2143 374 2208 enitar
389 2145 490 2208 multb
505 2142 721 2228 vigilantius.”
764 2143 808 2208 Et
830 2143 905 2224 ille3
929 2149 952 2182 “
966 2145 1018 2208 'I'u
1033 2147 1105 2210 verb

88 2264 221 2344 enitere,
243 2275 275 2328 et
294 2264 339 2330 sic
358 2263 485 2342 habeto,
509 2273 538 2328 te
558 2285 622 2328 non
642 2285 710 2328 esse
732 2267 908 2344 mortalem,
932 2265 986 2328 sed
1002 2288 1109 2350 corpur

84 2389 161 2454 hoc.
203 2385 370 2451 Necenim
394 2395 430 2450 tn
453 2385 478 2450 is
502 2407 546 2465 es,
561 2408 655 2474 quem
677 2388 777 2450 forma
797 2387 857 2450 ista
871 2387 1027 2452 declarat:
1051 2389 1105 2453 sed

85 2541 177 2588 muts
192 2517 357 2605 cujusque,
373 2518 399 2582 is
413 2527 461 2582 eet
476 2516 630 2602 quisque3
653 2537 717 2580 non
733 2537 770 2580 ea
784 2516 893 2600 ligura,
909 2539 980 2602 quaa
1004 2517 1104 2606 digito

88 2645 297 2714 demonstrari
311 2653 426 2732 potest,
463 2643 570 2707 Deum
585 2653 616 2706 te
631 2645 726 2728 igitur
740 2644 820 2708 scito
835 2666 921 2707 esse:
939 2644 965 2706 si
979 2644 1106 2728 quidem

85 2775 178 2843 Deus
193 2783 251 2852 est,
266 2771 320 2856 qui
334 2771 429 2856 viget,
444 2769 498 2856 qui
513 2770 619 2850 sentit,
635 2771 689 2854 qui
704 2771 859 2851 meminit,
876 2772 931 2854 qui
944 2769 1107 2856 providet3

86 2901 142 2992 qui
157 2911 221 2967 tam
237 2899 327 2984 regit,
342 2909 374 2964 et
384 2899 571 2980 moderatur,
581 2908 613 2962 et
623 2909 728 2962 movet
739 2898 770 2962 id
781 2921 903 2984 corpus,
919 2899 971 2962 cui
983 2921 1106 2984 praepo·

86 3029 168 3095 situs
183 3037 242 3107 est,
254 3029 349 3111 quam
365 3027 451 3090 hunc
466 3024 619 3089 mundum
634 3023 778 3108 princeps
804 3023 857 3087 ille
879 3023 968 3088 Deus
985 3049 992 3088 ι
1016 3035 1048 3087 et
1072 3034 1107 3088 ut

84 3149 242 3217 mundum
258 3171 297 3212 ex
311 3148 445 3234 quldam
463 3157 550 3234 parte
573 3149 735 3212 mortalem
762 3147 829 3232 ipsc
849 3147 939 3212 Deus
959 3158 1107 3226 aeternus,

86 3240 133 3336 sie
148 3269 259 3354 fragile
274 3289 388 3354 eorpus
404 3268 527 3332 animus
543 3267 753 3352 sempiternus
770 3277 886 3334 movet.

128 3387 231 3456 Hunc
246 3401 282 3455 tu
295 3409 405 3452 exerce
419 3387 452 3451 in
461 3387 588 3474 optimis
604 3389 707 3451 rebus.
752 3388 834 3450 Sunt
854 3395 960 3452 autem
976 3387 1026 3451 hae
1049 3409 1109 3472 op·

85 3514 175 3580 tirnae
190 3533 287 3590 curre,
302 3511 341 3576 de
354 3513 455 3576 salute
473 3511 580 3596 patriar
595 3536 603 3574 ε
627 3510 741 3595 quibus
763 3509 898 3592 agitatus
913 3519 945 3571 et
960 3509 1109 3575 exercita·

83 3647 139 3702 tus
153 3635 291 3723 animus,
307 3633 445 3698 velocius
468 3633 500 3698 in
516 3633 600 3702 hanc
614 3633 719 3696 sedem
735 3642 767 3694 et
781 3633 911 3694 domum
932 3653 1021 3696 suam
1036 3653 1109 3718 per-

83 3755 226 3822 volabit:
251 3755 344 3843 idque
354 3739 459 3840 ‘ocyus
471 3755 575 3834 faciet,
591 3751 694 3839 sijum
711 3763 790 3832 tum,
813 3757 885 3817 eum
898 3754 955 3816 erit
969 3754 1110 3818 inclusus

87 3881 122 3948 in
147 3899 291 3969 corpore,
317 3878 470 3948 eminebit
491 3881 586 3958 forts,
609 3887 641 3942 et
656 3899 703 3955 ea,
720 3898 791 3962 quae
806 3887 892 3944 extra
907 3887 1009 3955 erunt,
1034 3899 1110 3942 con-
