2724 4494
436 245 714 322 Piraeeum.
1027 261 1092 324 505

90 417 268 558 anuuarn
283 433 350 490 eret
362 423 532 514 Pompeius
543 445 683 514 corpore,
697 423 801 492 adbtw
815 425 933 515 ubique
946 427 1087 498 nomba.

40 547 189 634 Quippe
202 551 317 634 ingens
332 551 470 636 partium
485 549 554 639 ejus
575 553 664 620 saror
676 553 799 619 bellum
814 553 1005 620 excitaverat
1023 553 1086 624 Af·
1159 575 1164 588 ’

40 670 179 736 rieumr
201 671 289 758 quod
309 673 413 740 eiebat
436 697 491 740 rex
514 671 611 755 Juba,
631 685 669 742 ‘et
692 673 812 762 Scipio,
836 675 884 740 vir
898 675 1084 759 consolatio,

43 800 131 861 ante
144 793 326 876 biennium,
338 800 434 884 quim
449 797 704 886 exstingueretur
725 797 912 887 Pompeius,
929 800 1085 866 iecturali

43 937 89 978 eo
105 935 221 982 aooerr
244 935 418 1006 eorumque
430 921 536 1006 copias
548 931 679 986 auxerat
700 919 750 986 Μ.
766 921 859 1004 Cato,
875 920 998 1008 ingenti
1009 941 1086 988 ourn

44 1037 242 1104 difficultate
257 1039 406 1106 itinerum
429 1045 636 1129 locorumque
656 1044 763 1131 inopie
783 1045 943 1132 perductis
967 1043 1008 1112 ad
1026 1059 1085 1112 eoa

47 1161 259 1248 legionibus:
284 1163 339 1250 qui
353 1164 410 1248 vir,
426 1169 675 1234 oameummum
690 1167 721 1236 ei
734 1171 753 1232 ὰ
772 1167 926 1236 militibus
948 1168 1084 1236 deferre·

47 1295 106 1348 tur
122 1284 303 1372 imperium,
317 1288 511 1354 honoratiori
524 1309 631 1376 parere
647 1289 771 1356 maluit.
830 1261 831 1268 ἵ

96 1407 244 1494 Sequens
258 1409 420 1476 iortunam
435 1431 525 1477 suam
541 1411 659 1493 Cesar,
682 1423 849 1499 pervectus
875 1413 909 1478 iu
932 1415 1084 1496 Airiearu,

55 1537 169 1618 (quarn
185 1533 291 1598 occiso
304 1531 456 1614 Curione,
466 1532 667 1600 Julianarunr
680 1536 762 1600 doce
773 1535 922 1621 partium,
936 1535 1082 1624 Pompei-

44 1657 100 1720 ani
126 1657 315 1722 obtinebant
340 1658 509 1740 exereitus)
527 1657 571 1726 ibi
598 1657 702 1744 primb
722 1657 807 1723 verit
832 1657 973 1747 fortuni,
998 1679 1075 1724 mox

51 1779 211 1865 pugnavit
231 1784 310 1862 ωας
332 1779 560 1870 inclinatoque
574 1781 715 1848 hosfium
734 1779 847 1870 copie.
892 1779 964 1849 Nee
987 1782 1084 1848 ‹iisti-
1110 1811 1112 1816 ·

51 1909 141 1974 milis
157 1909 202 1976 ibi
214 1911 361 1980 adversus
376 1911 488 1994 victos,
504 1917 600 2002 quern
615 1910 648 1978 in
669 1914 800 2002 priores,
818 1913 989 1982 elementia
1008 1910 1085 1982 ΟΕ·

55 2029 223 2098 salernu.
1202 2011 1206 2022 '

99 2151 262 2222 Victorem
295 2155 436 2222 Africani
458 2155 535 2223 belli
561 2155 599 2224 C.
627 2157 785 2226 Cosarem
810 2157 936 2244 gravius
958 2155 1090 2244 excepit·

57 2277 285 2366 Hispaniense,
299 2279 384 2365 quod
397 2279 457 2348 Cn·
472 2279 656 2368 Pompeios,
668 2279 783 2368 Magni
793 2279 890 2362 iilius,
901 2281 1089 2348 adolescens

56 2405 194 2489 impettla
216 2403 255 2470 ad
269 2405 354 2470 bella
367 2404 509 2484 maximi,
525 2405 639 2490 ingens
662 2426 698 2470 ao
713 2405 852 2470 terribile
872 2407 1084 2474 conflaveratt

56 2525 196 2612 undique
221 2527 261 2592 od
282 2547 368 2608 eum,
392 2525 495 2591 adhuc
517 2527 641 2613 paterni
667 2525 806 2591 nominis
832 2523 1087 2612 magnitudinem

56 2650 269 2738 sequentium,
285 2671 325 2715 ex
339 2661 410 2716 toto
424 2652 500 2716 orbe
516 2661 669 2720 terrarum
693 2649 816 2716 auxiliis
832 2651 1079 2716 confluentibus.

55 2775 123 2840 Sua
133 2773 289 2840 Caesarem
302 2771 335 2838 in
347 2771 535 2859 Hispaniam
548 2771 837 2838 eomitataiortuna
847 2782 916 2852 est3
938 2772 993 2840 sed
1006 2775 1080 2838 nul-

56 2901 125 2964 lum
141 2917 291 2984 umquam
313 2897 450 2962 atrocius
473 2895 744 2982 periculosiusque
759 2899 798 2960 ab
814 2919 854 2962 eo
866 2897 982 2964 initum
996 2915 1081 2984 pret·

57 3023 136 3088 lium
146 3045 156 3101 ;
179 3021 257 3086 adeb
269 3031 316 3102 ul,
331 3020 404 3106 plus
422 3021 517 3105 quim
535 3019 632 3086 dubio
646 3019 761 3099 Marte,
771 3019 974 3089 descenderet
985 3041 1081 3107 equo,

56 3143 296 3228 consistensque
322 3155 396 3208 ante
418 3143 617 3209 recedentem
640 3163 768 3209 suorum
791 3141 903 3225 aciem,
929 3143 1087 3230 increpitu

55 3269 142 3358 prius
163 3269 302 3367 fortuni,
317 3267 401 3352 qubd
416 3287 450 3330 se
466 3267 498 3330 in
514 3287 588 3330 eum
604 3270 757 3330 servisset
776 3265 908 3346 exitum,
930 3265 1080 3330 denunti·

58 3403 125 3460 aret
139 3391 305 3471 militibus,
316 3389 444 3476 vestigio
458 3407 491 3454 ee
501 3411 561 3455 nou
574 3409 758 3456 recessurum
770 3413 781 3456 .·
808 3389 935 3474 proiuie
946 3389 1088 3456 uiderent

57 3538 144 3604 quero
157 3525 189 3580 et
207 3535 266 3600 quo
281 3513 345 3580 ioco
364 3513 576 3597 imperatorem
598 3513 744 3578 deserturi
756 3509 874 3596 forent.
917 3511 1081 3580 Verecun-

58 3641 109 3706 dil
125 3635 222 3723 magis
237 3639 333 3723 quim
348 3635 465 3700 virture
480 3635 562 3700 acies
577 3633 733 3702 restitute
749 3645 835 3716 suut,
856 3635 971 3704 alueo
985 3641 1083 3724 quim

57 3771 76 3829 ἐι
93 3761 187 3828 milite
206 3759 329 3826 fortiis.
377 3759 440 3824 Cu.
457 3757 639 3842 Pompeius,
655 3757 758 3842 gravis
772 3759 914 3842 vulnere,
930 3761 1086 3830 inventus·

541 3877 571 3944 R
586 3903 601 3944 r
