2804 4524
598 285 652 348 Eu
671 281 723 348 M.
745 281 913 350 TULLlO

280 455 347 526 Qui
362 453 544 524 autemaliu
555 458 679 522 malunt
692 455 786 522 scribi
801 460 820 524 l
835 455 940 537 nobis,
953 454 1037 542 mqui
1052 475 1121 520 esre
1135 453 1270 535 debent,

240 579 324 664 qubd
342 589 374 644 et
389 578 506 664 scripta
522 579 726 659 multarunt,
741 579 786 646 sic
801 579 943 666 utpium
957 575 1075 676 nemini
1096 580 1114 640 ὲ
1130 575 1247 640 nostrie
1263 599 1274 642 a

241 711 274 766 et
289 701 468 767 scribentur
481 703 612 767 fortasse
624 705 728 788 plura,
742 702 767 766 si
782 701 847 767 vitu
857 711 1024 788 suppeteta
1047 709 1199 796 ettamen
1214 696 1276 784 qui

240 823 407 910 diligenter
421 825 502 903 hoec,
527 845 600 910 qum
614 824 653 888 de
668 823 873 910 philosophia
887 823 985 889 literis
1005 825 1203 902 mandamus,
1223 823 1276 884 le-

240 969 315 1032 gere
328 943 510 1026 assueverit,
520 945 677 1034 judicabit
699 949 788 1014 nulla
809 946 848 1012 ad
871 947 1041 1032 legendum
1063 945 1114 1012 bis
1129 965 1197 1011 ease
1211 963 1276 1034 po-

245 1069 336 1138 tiora.

600 1311 946 1358 *-

488 1605 546 1678 Ex
575 1603 657 1678 Lib.
684 1601 737 1676 11.
765 1601 825 1674 De
853 1599 1035 1675 anns.

251 1847 292 1912 L.
313 1839 472 1908 Tuontus
494 1838 645 1917 Burnus,
667 1833 860 1921 Epicureus,
888 1855 956 1900 cum
977 1833 1122 1900 manao
1152 1855 1279 1921 compa.

715 1963 812 2022 ratur.

255 2113 334 2234 L.
357 2155 497 2220 Thorius
519 2155 640 2262 Balbus
666 2153 728 2219 fuit
750 2151 934 2220 Lanuvinus
946 2177 957 2236 3
980 2175 1075 2244 quem
1097 2154 1281 2222 meminisse

250 2294 287 2350 tu
311 2303 375 2348 non
411 2291 514 2369 potes.
558 2283 589 2348 la
614 2282 659 2347 ita
686 2280 820 2361 vivebat,
848 2289 885 2346 ut
915 2281 1095 2348 nullatum
1124 2283 1282 2368 exquisita

249 2417 359 2494 posset
391 2404 523 2470 inveniri
553 2406 711 2490 voluptas,
740 2407 804 2492 qut
833 2425 898 2468 non
920 2404 1105 2471 abundaret.
1148 2405 1226 2472 Erat
1247 2417 1282 2474 et

251 2527 385 2616 cupidus
399 2529 611 2612 voluptatum,
627 2537 658 2592 et
674 2525 811 2614 cujusvis
819 2525 947 2626 'generis
962 2525 1030 2614 ejus
1051 2527 1231 2615 intelligens
1247 2540 1281 2596 et

252 2653 418 2740 copiosus:
443 2652 487 2718 ita
499 2673 564 2716 non
576 2649 824 2738 superstitiosus,
840 2661 877 2718 ut
892 2650 947 2716 illa
959 2651 1095 2738 plurima
1105 2651 1138 2718 in
1153 2657 1278 2740 subpa-

252 2778 313 2846 trit
339 2777 490 2844 sacrificia
512 2785 544 2840 et
569 2776 641 2842 fana
661 2783 900 2842 contemneretr
924 2773 969 2838 ita
993 2795 1059 2840 non
1085 2773 1213 2840 timidus
1241 2773 1281 2842 ud

254 2908 400 2974 mortem,
414 2907 451 2960 ut
466 2895 498 2959 in
514 2895 579 2960 acie
595 2895 635 2960 sit
650 2899 691 2960 ob
705 2894 931 2982 rempublicam
947 2894 1142 2962 interfectus.
1179 2893 1281 2984 Cupi-

252 3017 367 3088 ditates
389 3039 454 3084 non
476 3018 607 3108 Epicuri
630 3018 783 3084 divisione
806 3017 947 3099 liniebat,
971 3019 1027 3084 sed
1050 3025 1108 3084 sud
1128 3021 1283 3092 satietate.

253 3141 405 3208 Habebat
414 3149 520 3206 tamen
530 3141 682 3208 rationem
693 3139 897 3206 valetudinis:
921 3141 1069 3208 utebatur
1081 3143 1120 3210 iis
1129 3145 1283 3212 exercita-

255 3263 408 3345 tionibus,
433 3271 469 3327 ut
492 3263 530 3326 ad
551 3285 677 3330 coenam
699 3273 732 3330 et
750 3261 890 3330 esuriens
912 3273 944 3328 et
958 3265 1068 3334 sitiens
1082 3267 1203 3336 veniret
1209 3294 1221 3352 3
1244 3293 1284 3334 eo
1361 3293 1364 3304 ⁴

258 3389 341 3469 cibo,
354 3389 408 3474 qui
423 3397 455 3452 et
467 3386 670 3454 suavissimus
682 3398 775 3468 esset,
790 3397 822 3452 et
836 3387 920 3456 idem
933 3389 1102 3460 facillimus
1114 3392 1154 3458 ud
1165 3413 1285 3460 conco·

259 3511 441 3596 quendum3
464 3508 549 3590 vin0,
566 3520 598 3574 et
609 3509 648 3574 ad
659 3512 867 3596 voluptatem,
883 3521 915 3576 et
926 3533 966 3576 ne
977 3523 1115 3580 noceret.
1162 3513 1286 3582 Cretera

260 3631 316 3698 illa
330 3633 508 3714 adhibebat,
521 3633 635 3720 quibus
650 3633 785 3720 demptis
799 3646 895 3720 negat
906 3657 938 3700 se
953 3636 1111 3723 Epicurus
1124 3637 1285 3725 intellige·

259 3774 305 3834 re,
317 3752 392 3838 quid
403 3754 444 3818 sit
459 3757 591 3822 bonum.
613 3755 730 3820 Aberat
741 3755 845 3822 omnis
857 3757 957 3838 dolor,
969 3755 1024 3842 qui
1039 3757 1066 3822 si
1081 3758 1214 3840 adesset,
1227 3782 1286 3828 uec

262 3876 399 3950 molliter
413 3879 527 3962 ferret3
551 3889 583 3946 et
601 3889 707 3948 tamen
726 3878 855 3950 medicis
876 3879 960 3966 plus,
979 3880 1073 3968 quim
1087 3877 1286 3970 philosophia
