2804 4524
269 263 312 336 &2
635 265 689 332 Ec
710 265 760 334 Μ.
781 265 950 338 l'UbeO

323 431 517 516 Sedredeat,
537 437 621 502 unde
636 439 801 520 aberravit,
816 441 929 508 oratio.
974 443 1055 515 ins
1069 457 1120 511 est
1142 447 1227 514 eninr
1248 471 1325 518 our·

277 553 379 635 nium,
393 555 448 642 qui
462 557 557 622 modo
568 579 642 622 oum
654 561 764 642 musis,
780 561 810 626 id
822 573 882 644 est,
900 585 974 630 curn
986 565 1184 632 humanitate
1196 579 1229 636 et
1242 591 1323 636 curn

273 685 423 752 doctrina
447 689 560 756 habeat
584 691 711 777 aliquod
733 683 974 780 commercium,
1001 701 1054 784 qui
1081 721 1202 766 senon
1229 703 1323 768 hunc

271 811 541 878 anathematicum
557 815 658 894 malit,
673 821 769 902 quim
785 819 875 884 illum
890 827 1082 905 tyrannum?
1108 825 1142 887 Si
1158 825 1233 890 vitre
1249 847 1322 892 mo·

282 933 360 998 dum
370 933 591 1021 actionemque
602 939 798 1022 querimusr
820 942 947 1006 alterius
960 965 1049 1008 mens
1062 946 1237 1011 rationibus
1249 949 1322 1032 agi-

272 1049 388 1124 uncte
397 1059 661 1146 exquirendisque
676 1063 830 1146 alebatur,
843 1087 917 1130 cnm
931 1069 1142 1134 oblectatione
1159 1071 1319 1150 solertire;

271 1177 334 1266 qui
348 1191 397 1246 est
410 1203 494 1247 unus
509 1185 714 1252 suavissimus
727 1199 837 1274 pastus
859 1191 1056 1258 animorum
1080 1193 1208 1260 alterins
1233 1195 1322 1262 crede

270 1309 309 1366 et
321 1297 459 1388 injuriis,
474 1321 549 1369 cum
562 1315 596 1370 et
609 1307 724 1374 diemo
735 1319 769 1376 et
784 1321 942 1377 nocturno
958 1325 1058 1384 metu.

633 1519 983 1568 ··-r—§·v—--

476 1697 535 1771 Ex
563 1697 647 1772 Lib.
672 1695 720 1769 V.
747 1695 927 1772 Tuscun.
956 1695 1124 1777 Qunsr.

615 1909 670 1976 De
689 1911 794 1980 dolore
815 1913 984 1982 tolerando.

271 2039 475 2164 'Dotort
507 2109 575 2152 esse
603 2087 728 2154 ridetur
756 2090 926 2158 acerrimus
953 2089 1062 2160 virtuti
1098 2087 1315 2156 adversariusr

278 2209 307 2276 is
335 2221 479 2286 ardentes
505 2223 589 2290 faces
624 2223 782 2290 intentat:
811 2223 837 2286 is
865 2221 1098 2304 fortitudinem,
1122 2221 1315 2309 magnitudi-

270 2327 476 2426 semanimi,
502 2345 686 2435 patientiam
713 2369 748 2411 se
774 2343 1010 2414 debilitaturum
1033 2347 1184 2415 minatur.
1231 2343 1316 2414 lluic

266 2449 370 2575 ..igitur
384 2471 571 2535 succumbet
586 2469 686 2534 virtus
701 2473 712 2534 l
738 2469 812 2535 huic
827 2471 919 2535 beata
932 2469 1086 2558 sapientis
1095 2481 1127 2536 ct
1140 2469 1314 2537 constantis
1379 2477 1380 2566 l

268 2585 333 2655 'viri
347 2589 411 2656 vita
424 2591 536 2658 cedet?
561 2595 657 2680 quim
680 2601 784 2678 turpe,
807 2595 826 2657 b
849 2591 893 2656 dii
917 2591 1015 2657 bonil
1038 2589 1132 2657 Pueri
1149 2591 1313 2678 spartiarae
1379 2573 1380 2661 l

266 2697 346 2792 'non'
356 2707 573 2801 ingemiscunt
587 2717 754 2782 verberum
770 2715 877 2780 dolore
894 2715 1014 2780 laniati.
1051 2717 1309 2782 Adolescentiunr

272 2859 384 2922 greges
407 2839 639 2904 Lacedaemone
661 2839 798 2904 vidimus
822 2837 882 2924 ipsi
905 2835 1082 2902 incredibili
1109 2837 1311 2904 contentione
1378 2843 1379 2910 ξ

265 2945 431 3024 'certantes
453 2959 582 3046 pugnis,
607 2959 759 3039 calcibus,
775 2958 948 3042 unguibus,
972 2979 1078 3022 morsu
1105 2957 1253 3044 denique,
1281 2965 1313 3019 ut

265 3063 527 3152 'exanimarentur
559 3079 658 3170 prilla,
694 3085 789 3166 qnlm
819 3080 975 3146 revictos
1003 3082 1184 3144 faterentur.
1230 3081 1309 3150 Quae

267 3189 415 3270 barbaria
438 3203 524 3269 ludia
549 3207 678 3285 vastior,
703 3215 758 3268 aret
773 3203 949 3290 agrestior?
982 3203 1013 3268 in
1034 3209 1071 3267 el
1096 3219 1203 3268 tamen
1221 3213 1314 3290 gente
1377 3281 1378 3284 Ἴ

262 3311 415 3415 ’ρτίωὺω
430 3327 465 3412 ll,
480 3327 535 3416 qui
549 3328 708 3417 sapientes
722 3327 891 3408 habentur,
905 3321 984 3391 'nudi
1000 3337 1127 3392 aetntem
1152 3335 1264 3409 agunt,
1285 3331 1314 3386 et

265 3439 410 3515 'cancul
435 3449 535 3530 nives,
560 3447 696 3518 hiemale
730 3469 792 3534 que
817 3447 881 3511 vim
907 3447 1070 3534 perierunt
1095 3445 1163 3510 sine
1184 3445 1312 3510 dolore:

262 3571 409 3660 'cumque
424 3573 462 3637 nd
477 3574 635 3637 flammam
651 3595 685 3636 se
701 3571 923 3658 applicuerint,
939 3571 1006 3634 sine
1022 3571 1146 3656 gemitu
1161 3569 1311 3636 adurunt·

272 3717 319 3759 ur.
343 3695 518 3762 'Mulieres
544 3697 617 3761 verb
647 3695 678 3762 in
704 3696 804 3776 ludit,
821 3699 893 3760 clun
909 3705 956 3759 est
981 3693 1120 3781 cujusvis
1140 3717 1248 3762 earum
1270 3691 1312 3758 vir

267 3829 424 3900 mortuus,
447 3819 478 3885 in
509 3833 666 3886 certamen
683 3819 904 3909 judiciumque
921 3819 1063 3898 veniunt,
1088 3823 1189 3904 qulrn
1210 3817 1309 3906 pluri·

267 3941 354 4006 mrim
365 3939 417 4006 ille
427 3939 590 4006 dilexerit:
612 3937 1307 4034 (pluresenimsingulissolcutersenuptm)
