2750 4510
256 267 316 330 rm
610 251 664 320 Ee
685 249 736 320 M.
757 247 926 320 wuito

252 435 360 502 sedem
385 429 424 496 ud
450 427 687 518 disputandum,
709 425 818 498 statim
841 422 1021 514 precipiens
1042 423 1078 496 in
1102 423 1222 514 linem,
1250 439 1309 514 et,

252 560 346 650 quasi
360 559 393 624 in
404 556 557 624 familiam
570 555 736 646 patriciam
751 557 883 640 venerit,
898 555 1017 624 amittit
1037 579 1156 626 nomen
1174 563 1309 629 obscu-

252 691 331 770 rius,
352 688 524 774 Liremque
540 687 642 750 multu
656 683 843 770 gelidiorem
860 683 947 752 facit.
992 687 1063 752 Nec
1078 687 1164 752 enim
1188 691 1306 756 ullum

254 813 317 880 hoc
332 811 475 896 trigidius
496 811 615 874 flumen
630 807 736 893 attigi,
757 813 831 874 cum
853 807 892 874 ad
912 811 1014 876 multa
1033 813 1230 895 accesserim,
1263 827 1307 882 ut

255 933 308 998 uix
322 935 402 1018 pede
417 939 537 996 tentare
561 929 592 994 id
607 929 750 1016 possim
774 929 860 1016 quod
875 929 908 994 in
924 929 1062 997 Phaedro
1081 931 1223 999 Platonis
1247 938 1306 1000 fa-

154 1091 159 1104 ·
252 1057 298 1122 cit
312 1057 469 1120 Socrates.
507 1055 596 1120 Mur.
620 1053 680 1118 Est
695 1057 770 1119 vert
785 1055 849 1120 itas
874 1056 928 1120 sed
943 1065 1049 1122 tamen
1065 1057 1141 1124 huic
1156 1063 1306 1127 amoeni-

256 1179 325 1258 tuti,
348 1199 443 1266 quam
468 1201 507 1242 ex
531 1177 653 1248 Quinto
669 1199 754 1263 saepe
768 1177 874 1260 sudio,
887 1179 1040 1265 Thyamis
1056 1181 1205 1268 Epirotes
1221 1195 1305 1251 tuas

259 1306 314 1370 ille
329 1305 420 1384 nihil,
437 1302 560 1390 opinor,
576 1303 779 1368 concesserit.
819 1305 879 1380 Qu.
901 1307 963 1372 Est
977 1307 1032 1390 ita,
1048 1319 1084 1375 ut
1099 1309 1198 1378 dicis:
1222 1335 1304 1378 cave

235 1434 238 1448 '
255 1431 342 1496 enim
364 1441 457 1516 putes
482 1429 579 1494 Attici
598 1429 697 1494 nostri
712 1430 894 1514 Amaltheo,
909 1433 1108 1522 platanisque
1124 1437 1186 1502 illis
1201 1441 1303 1526 quid-

256 1575 351 1640 quam
370 1573 438 1616 esse
455 1551 647 1638 ltraeclarius.
692 1551 766 1632 Sed,
786 1553 812 1616 si
828 1553 962 1636 videtur,
978 1557 1180 1626 considemus
1197 1561 1252 1628 hlc
1268 1565 1301 1628 in

260 1679 395 1742 unrbrll:
419 1687 514 1759 atque
529 1675 567 1738 ad
582 1695 651 1738 cam
667 1686 789 1760 partem
804 1677 970 1758 sermonis,
986 1701 1025 1744 ex
1036 1687 1100 1767 qut
1112 1687 1228 1770 egressi
1244 1711 1301 1752 su.

259 1829 342 1888 mus,
358 1815 561 1872 revertamur.

640 1977 885 2022 ...φ-..-

474 2151 650 2234 Puomu.
669 2153 753 2228 Lib.
768 2153 798 2230 1.
819 2155 883 2230 Da
901 2157 1098 2239 osricus.

260 2287 554 2430 QUANQUAM
585 2349 629 2420 te,
658 2337 768 2406 Marce
790 2341 847 2422 fili,
875 2363 997 2410 annum
1017 2347 1086 2436 jam
1117 2353 1301 2426 audientem

259 2455 459 2544 Cratippum,
493 2457 589 2544 idque
614 2462 763 2546 Athenis,
794 2467 953 2534 abundare
982 2485 1107 2556 oportet
1134 2483 1301 2570 preceptis

259 2575 476 2666 institutisque
507 2579 730 2667 philosophiae,
759 2593 886 2672 propter
909 2609 1069 2654 summam
1095 2605 1126 2658 et
1161 2597 1300 2666 doctoris

259 2707 490 2786 auctoritatem,
514 2719 545 2772 ct
568 2710 679 2792 urbis3
702 2733 846 2812 ¹quorum
869 2718 948 2782 altcr
974 2728 1005 2782 te
1032 2721 1165 2788 scientit
1188 2749 1302 2812 augere

257 2837 372 2913 potest,
395 2831 492 2892 ultera
516 2831 669 2916 exemplis
682 2855 692 2911 ;
717 2843 836 2916 tamen,
863 2847 898 2902 ut
925 2837 991 2924 ipsc
1018 2841 1057 2906 ad
1083 2865 1186 2910 meam
1212 2848 1301 2914 utili-

261 2961 360 3014 tatem
376 2975 501 3038 semper
522 2979 594 3020 cum
620 2958 741 3057 Graecis
765 2959 880 3026 Latina
902 2963 1067 3052 conjunxi,
1091 2995 1195 3060 neque
1218 2976 1249 3042 id
1268 2979 1300 3044 in

262 3079 465 3166 philosophil
479 3087 594 3168 solum,
611 3087 774 3152 sedetiam
790 3089 822 3152 in
838 3089 962 3156 dicendi
978 3099 1204 3170 exercitatione
1219 3109 1280 3174 leci
1289 3135 1301 3192 3

262 3205 345 3272 idem
361 3205 420 3270 tibi
436 3230 550 3274 censeo
565 3213 759 3298 faciendum,
774 3227 810 3282 ut
827 3239 883 3304 par
897 3219 941 3284 sis
957 3222 990 3288 in
1006 3227 1170 3315 utriusque
1185 3236 1301 3302 oratio-

262 3335 311 3400 nis
327 3336 487 3402 facultate.
530 3341 636 3414 Quam
658 3345 785 3430 quidem
813 3349 852 3414 ad
879 3373 956 3434 rem,
984 3377 1041 3420 uos
1071 3365 1120 3444 (ut
1145 3333 1300 3446 videmur)

261 3490 414 3554 inagnum
445 3475 610 3542 attulimus
639 3479 859 3568 adjumentum
892 3489 1078 3559 hominihus
1105 3499 1244 3581 nostris3
1268 3511 1303 3568 ut

263 3615 327 3656 non
340 3597 436 3662 modi»
448 3599 634 3667 Graecarum
649 3604 810 3676 literarum
826 3611 930 3694 rudes,
954 3617 1119 3686 sedetiam
1135 3622 1223 3706 docti
1245 3623 1301 3688 ali·

261 3718 416 3796 quantum
430 3739 465 3785 se
479 3721 671 3792 arbitrentur
684 3729 828 3818 adeptos,
842 3745 875 3800 et
889 3735 928 3802 acl
943 3737 1113 3806 dicendum
1135 3752 1168 3810 et
1189 3745 1230 3812 ad
1248 3743 1300 3833 ju-

262 3835 441 3908 discludunt.
