2804 4524
500 283 740 353 CICERONE.
1100 293 1144 356 88⁸

106 459 183 531 Qun
197 467 248 525 est
258 457 384 540 victrix,
396 479 434 524 es
443 461 530 544 lucta,
541 459 806 548 prosequentibus
815 458 896 540 suis,
907 463 972 526 nub
982 481 1057 526 cum
1068 460 1137 526 viro

103 582 139 649 in
158 603 270 668 rogum
292 581 487 670 imponitur:
526 587 695 666 illusistis,
717 597 833 652 moestu
854 585 995 653 discedit.
1039 587 1138 652 Nuu-

104 727 198 794 quum
212 717 358 772 naturum
372 727 442 776 mos
457 706 596 776 vinceret
604 731 615 790 ς
638 719 687 774 est
700 709 788 774 enim
810 731 848 774 ea
870 703 995 795 semper
1008 710 1137 782 invicto.

105 829 169 896 Sed
190 851 249 895 nos
272 831 404 912 umbris,
426 831 557 911 deliciis,
580 833 659 914 otio,
680 835 842 916 languore,
858 833 975 898 desidit
997 832 1141 902 animum

103 953 292 1018 infecimus:
325 953 540 1039 opinionibus,
563 959 708 1042 maloque
731 979 818 1021 more
839 955 1010 1022 delinitum
1034 948 1146 1022 molli·v

103 1079 218 1143 rimus.
262 1075 484 1162 AEgyptiornm
506 1097 627 1142 morem
648 1079 718 1165 quis
741 1079 887 1162 ignorat?
919 1057 1055 1166 quorum
1080 1079 1143 1146 im·

105 1203 192 1266 butae
221 1209 344 1265 mentes
374 1199 534 1284 pravitatis
563 1201 731 1281 errotibus,
761 1204 903 1288 quumvis
931 1179 1145 1270 carnificinam

108 1323 194 1408 pride
215 1303 381 1404 subierint,
403 1327 499 1408 quim
523 1323 614 1403 ibim,
636 1335 689 1387 out
712 1325 863 1408 aspidem,
879 1331 943 1390 aut
962 1328 1073 1408 selem,
1093 1335 1149 1391 unt

108 1465 231 1525 cenem,
246 1456 302 1509 aut
324 1444 519 1510 crocodilum
542 1445 681 1508 violent:
706 1467 841 1531 qnorum
865 1447 1004 1512 etiamst
1019 1443 1151 1533 impruss

108 1572 219 1640 dentes
234 1573 397 1659 quippiam
413 1572 556 1654 fecerint,
572 1593 703 1658 poenum
719 1573 838 1640 nullam
853 1585 1011 1640 recusent.
1079 1547 1082 1556 ‚
1141 1568 1149 1600 ’

152 1695 204 1760 De
220 1695 404 1760 bominibus
416 1695 539 1782 loquor.
584 1695 670 1764 Quid
684 1696 815 1761 bestiaei
840 1717 948 1761 nonne
960 1691 1071 1782 frigus,
1083 1665 1149 1764 rlon

110 1821 240 1900 samem,
256 1839 321 1884 nnn
337 1819 536 1904 montivagos
559 1829 652 1904 utque
676 1817 834 1884 silvestres
850 1841 971 1901 cursus,
985 1809 1151 1886 instrutio!

110 1965 229 2031 nosque
242 1945 430 2030 patiuntur?
456 1965 563 2008 nonne
578 1965 635 2029 pro
650 1965 708 2006 suo
724 1955 816 2029 portu
832 1939 875 2008 itu
889 1953 1103 2030 propugnant,
1115 1950 1152 2009 ut
1252 1935 1256 1949 ’

112 2069 243 2134 vulnera
267 2067 451 2154 excipiunt?
476 2069 581 2134 nullos
607 2067 755 2152 impetun,
777 2070 881 2132 nullos
904 2061 985 2132 ict'us
1008 2069 1153 2133 reformi-

112 2191 233 2258 dent?
240 2189 368 2272 omitto,
385 2209 457 2277 quse
471 2211 526 2276 per
529 2191 641 2269 lerant,
659 2211 794 2276 quaeque
810 2189 971 2274 patiantur
984 2163 1156 2274 ambitiosi,

114 2313 244 2379 honoris
261 2315 373 2376 causi:
398 2307 498 2377 laudis
513 2309 657 2390 studiosi,
673 2309 803 2395 gloriae:
827 2329 933 2379 umore
948 2301 1081 2428 incensi,
1096 2325 1153 2376 c'u

112 2436 275 2524 piditutis.
300 2433 397 2520 plenu
412 2433 476 2500 vita
491 2435 707 2520 exemplorum
724 2447 782 2500 est.

158 2557 272 2638 Dabit,
294 2559 395 2638 dabit,
420 2559 562 2644 inquam,
578 2579 612 2621 se
636 2557 669 2621 in
695 2568 852 2623 tormento
877 2559 941 2624 vitu
962 2541 1074 2646 beatu:
1098 2583 1158 2646 nec

112 2663 602 2770 jutitiam,'te1npersntiam‚in
626 2681 797 2768 primisque
819 2683 1050 2764 tortitudinem,
1067 2705 1159 2768 mag-

119 2805 298 2873 nitudinem
323 2805 434 2886 animi,
455 2805 639 2892 patientiam
662 2814 841 2890 prosecuta,
869 2810 943 2870 cnm
968 2806 1094 2872 tortoris
1119 2810 1154 2874 os

117 2929 239 3010 viderit,
255 2930 408 3012 consistet
416 2953 427 3010 ς
452 2927 684 3013 virtutibusque
708 2927 856 2992 omnibns
873 2927 941 3014 sine
966 2931 1034 2994 ull'o
1057 2893 1156 2995 enimi

120 3063 237 3120 terrore
249 3053 288 3117 ud
300 3031 474 3118 cruciatum
490 3049 651 3137 profectis
668 3047 790 3114 resistet
806 3059 894 3113 extre
909 3049 1001 3130 l'orcs,
1025 3057 1073 3136 (ut
1088 3057 1162 3152 anti

121 3173 211 3258 dixi)
233 3177 392 3262 limenque
412 3175 554 3241 eneceris.
598 3173 686 3242 Quid
708 3173 794 3236 enim
818 3177 855 3236 ei
870 3155 1000 3254 loedins,
1016 3175 1092 3256 quid
1108 3167 1164 3237 de'-

122 3297 465 3376 lorminssoldrclictl‚
478 3296 595 3360 comita
596 3293 1054 3411 tupulcherrimosegregent?
1079 3295 1165 3411 quod

121 3433 231 3490 temen
255 3421 323 3488 ficri
349 3423 438 3486 nullo
462 3430 555 3508 pacto
579 3427 695 3505 potest
740 3417 809 3482 Nec
834 3417 920 3482 enim
948 3414 1080 3484 virtuted
1094 3413 1162 3484 sine

122 3557 218 3620 beuti
232 3555 297 3619 vitt
311 3551 470 3618 eolraercre
483 3561 629 3638 possunt,
646 3573 704 3618 nce
720 3547 813 3613 illu
788 3571 857 3614 snrc
871 3545 1052 3615 virtutibus.
1096 3551 1164 3618 Itu·

124 3699 189 3760 que
214 3698 285 3740 enm
315 3673 510 3761 tergiversari
539 3695 604 3737 non
634 3671 751 3758 sinent,
777 3693 949 3756 secumque
977 3668 1099 3762 rapient
1128 3660 1167 3739 u'd

127 3825 363 3892 quemcumque
380 3803 456 3892 ipsse
470 3803 612 3872 dolorem
628 3799 865 3890 cruciatumque
881 3785 1048 3913 ducentur.
1147 3871 1150 3881 ,

622 3973 699 4054 m
1087 3890 1098 3921 ⁰

746 4063 766 4114 2
