2804 4524
525 267 768 340 mussona.
1125 275 1165 348 87

125 457 197 512 este
220 443 337 531 quitus
353 442 498 524 sublatis,
513 445 709 532 perturbatio
722 445 796 510 vitae
811 443 965 530 sequitur,
993 455 1025 510 et
1049 443 1165 531 magna

122 565 286 632 mnfusio.
320 565 427 652 Atque
442 565 528 630 haud
543 565 619 646 scio,
635 587 687 644 an,
703 565 819 651 pietate
830 567 980 630 adversus
994 565 1070 630 deos
1085 569 1162 632 sub·

123 691 201 768 tert,
216 688 295 752 fides
310 687 417 766 etiam,
432 697 466 754 et
480 689 614 754 societas
628 689 760 754 humani
776 689 912 773 generis,
934 699 967 752 ct
984 709 1048 752 una
1059 691 1165 754 encel-

124 811 307 878 lentissima
320 809 430 892 virtus,
441 811 580 898 justitia,
594 813 736 876 tollatur.

174 930 258 994 Sunt
272 941 379 998 antem
402 930 456 994 alii
468 931 664 1018 philosophi,
684 941 716 996 et
743 931 775 996 hi
796 933 923 1020 quidem
944 932 1053 1016 magui
1072 941 1166 1016 atque

124 1051 264 1132 nobiles,
279 1052 334 1138 qui
349 1051 480 1118 deorum
496 1063 602 1120 mente
617 1063 712 1140 atque
728 1053 849 1118 ratione
864 1075 992 1118 omnem
1010 1051 1167 1118 mundum

125 1174 343 1244 administrari
357 1185 389 1240 et
404 1175 471 1262 regi
485 1187 645 1242 censeant.
682 1177 797 1262 Neque
817 1179 890 1240 vero
917 1177 949 1242 id
972 1180 1088 1256 solum,
1112 1176 1168 1240 sed

126 1298 226 1364 ctiam
239 1299 279 1362 ab
292 1298 403 1364 iisdem
414 1299 489 1362 vitm
505 1298 672 1362 hominum
687 1299 812 1364 consuli
826 1309 859 1362 et
873 1299 1039 1384 provideri.
1082 1300 1168 1364 Nam

127 1433 166 1487 et
187 1423 308 1506 fruges,
335 1431 368 1486 et
387 1421 519 1506 reliqua,
538 1443 611 1507 quoe
627 1431 707 1486 terra
726 1422 837 1506 pariat,
853 1433 885 1486 et
896 1431 1111 1506 tempestates,
1134 1443 1171 1486 ac

126 1557 312 1632 temporam
337 1545 515 1624 varietates,
539 1544 678 1628 coelique
701 1543 903 1623 mutationes,
918 1545 1035 1630 quibus
1052 1546 1169 1620 omniu,

128 1689 207 1755 qum
222 1678 305 1732 terra
318 1666 442 1752 glgnat,
459 1675 614 1732 maturate
628 1668 818 1752 pubescant,
833 1665 922 1730 auiis
938 1665 1168 1730 immortalibus

129 1785 231 1854 trlbui
260 1788 368 1872 generi
391 1789 532 1852 humano
554 1795 690 1874 putant:
720 1785 884 1872 multaque
907 1786 1169 1872 colligensque

128 1909 208 1976 tulis
223 1921 309 1991 sunt,
324 1921 361 1975 ut
378 1915 397 1956 s
414 1931 452 1976 eo
464 1909 533 1997 ipsa
547 1909 591 1975 dii
614 1910 807 1975 immortales
826 1907 865 1974 ad
888 1933 980 1976 usum
1004 1911 1172 1976 hominurn

130 2035 278 2103 sabuceti
293 2037 386 2120 pene
400 2033 577 2098 videantur.

120 2193 125 2200 ·
176 2157 242 2228 Res
256 2169 363 2224 autern
380 2159 469 2222 nulla
478 2168 537 2237 est,
547 2156 586 2222 de
595 2161 659 2243 qul
674 2167 838 2244 tantopere
849 2179 913 2224 non
924 2160 1027 2224 solum
1040 2157 1172 2238 indocti,

132 2283 191 2352 sed
206 2283 302 2348 etiam
317 2282 404 2348 docti
418 2283 618 2348 dissentiant.
662 2283 807 2354 Quorum
831 2283 996 2368 opiniones
1012 2287 1094 2349 cdm'
1109 2294 1173 2350 tam

133 2405 231 2475 variat
245 2406 321 2486 sint,
338 2416 468 2492 temque
483 2405 565 2469 inter
585 2427 618 2469 se
634 2403 842 2484 dissidentem
866 2407 1000 2470 alterum
1016 2405 1082 2472 lieri
1097 2429 1172 2494 pro·

133 2528 222 2592 leuto
243 2536 363 2612 potest,
386 2537 423 2592 ut
438 2543 545 2592 earum
568 2527 679 2604 nulla,
704 2528 840 2590 alterum
863 2529 947 2590 certe
971 2547 1034 2590 non
1051 2535 1174 2624 potest,

132 2661 171 2716 nt
193 2653 265 2738 plus
286 2655 352 2716 unt
365 2671 438 2716 sera
452 2650 504 2714 sit.
547 2649 621 2720 Qua
642 2649 771 2734 quidem
794 2648 826 2714 in
842 2653 938 2712 coust
953 2657 986 2712 et
1004 2650 1174 2712 benevolos

135 2776 355 2865 objurgatores
383 2779 520 2864 placare,
552 2785 584 2839 et
607 2773 731 2838 invidos
754 2773 981 2858 vituperatores
1012 2773 1175 2838 confutare

135 2923 320 2990 possumus,
336 2910 378 2968 ut
388 2901 504 2965 alteros
521 2895 762 2984 reprehendisse
775 2895 941 2981 poeniteat,
965 2895 1053 2962 alteri
1077 2918 1111 2960 se
1124 2895 1175 2962 eli·

134 3027 249 3091 elicisse
277 3025 447 3110 gaudeant.
493 3023 578 3090 Nam
607 3021 662 3108 qui
693 3021 866 3084 admonent
894 3019 1006 3103 amice,
1037 3021 1172 3088 docendi

137 3161 211 3218 sunl
226 3173 236 3230 3
261 3149 315 3236 qui
331 3148 459 3212 inimice
475 3145 682 3227 insectantur,
698 3145 883 3230 repellendi.

181 3273 328 3339 Multum
358 3281 466 3336 autem
486 3269 621 3336 duxisse
650 3267 742 3334 video
765 3269 804 3334 de
828 3269 917 3334 libris
944 3268 1071 3348 nostris,
1098 3289 1177 3354 quos
1269 3353 1272 3366 Ι

137 3396 319 3482 complures
334 3393 421 3458 brevi
436 3403 577 3478 tempore
593 3391 761 3472 edidimus,
780 3391 965 3476 variumque
986 3400 1178 3472 sermonem,

139 3516 255 3605 partim
269 3491 505 3594 admirantium,
527 3512 614 3578 uude
628 3513 691 3578 hoc
705 3511 950 3600 philosophandi
966 3507 1057 3578 nobis
1072 3512 1179 3578 subito

138 3639 282 3706 studium
297 3635 471 3704 exstitisset
479 3659 490 3718 ι
511 3633 641 3722 panim,
657 3635 733 3720 quid
748 3639 872 3722 qusque
887 3633 973 3700 dere
989 3637 1065 3704 corti
1080 3638 1177 3704 habe.

127 3791 132 3798 '
182 3797 202 3834 s
224 3795 345 3874 Legunt
364 3803 423 3854 “ct
446 3793 502 3872 ipsi
520 3791 581 3854 dii'
603 3791 745 3852 Buhcrius
766 3805 794 3851 et
814 3791 971 3852 Davisius:
997 3795 1042 3856 cai
1061 3795 1174 3854 lectioni

138 3923 245 4006 fouent
259 3919 344 3982 etium
356 3921 499 3982 Tillotsou
514 3931 543 3981 et
555 3917 659 3980 Jortiu.

1051 4261 1233 4450 tn
