2738 4502
493 253 546 324 Ea
569 257 702 327 Lter.
759 261 764 269 '
1047 275 1109 332 ros

76 416 256 499 intentioris
270 429 388 517 ubique
409 453 492 497 cure
507 443 606 512 erant,
621 435 655 498 in
671 434 786 498 ultimo
806 433 901 498 etiam
925 439 1106 520 certamine,

73 574 173 639 quum
185 549 374 619 descensum
388 550 422 616 in
436 549 612 634 deiem'est,
627 574 664 617 ea
676 555 821 618 severitas
836 555 963 640 profuit.

510 873 682 935 ἡ,
783 877 792 888 .

80 1157 124 1234 Q.
137 1138 255 1225 ri'rtius
265 1155 669 1244 popuiiprecidasdonatus.
703 1159 878 1228 Linum.
913 1161 954 1230 U.
970 1168 1003 1233 C.
1020 1174 1095 1234 480.

78 1361 322 1481 PAPIRIUS
345 1398 489 1483 dictator,
506 1405 524 1467 ir
538 1400 671 1490 pullario
687 1403 836 1486 monitus,
852 1427 949 1490 quum
973 1405 1010 1469 ad
1035 1429 1108 1473 ans—

73 1529 198 1615 picium
213 1533 419 1618 repetendum
435 1531 570 1595 Romam
587 1531 844 1618 proficisceretur,
858 1533 1007 1618 magistro
1020 1537 1108 1622 equi-

73 1663 145 1719 turn
171 1627 385 1734 denunciavit,
418 1665 452 1718 ut
471 1675 539 1718 sese
564 1657 635 1718 ioco
657 1663 790 1735 teneret,
815 1677 888 1735 neu,
912 1659 1042 1722 absente
1065 1680 1110 1738 se,

76 1795 152 1841 cum
169 1775 260 1839 hoste
278 1797 405 1840 manum
421 1787 610 1840 consereret.
655 1771 796 1856 Fabius„
814 1795 912 1862 quum
938 1788 1010 1864 post
1035 1797 1109 1862 pro-

78 1895 251 1962 fectionem
268 1893 430 1961 dictatoris
446 1917 502 1982 per
516 1893 729 1980 exploratores
744 1899 960 1982 comperisset,
981 1899 1111 1984 perinde

76 2017 187 2084 omnia
201 2017 306 2082 soluta
320 2015 405 2102 apud
419 2015 538 2098 hostes,
554 2039 589 2081 ac
605 2017 632 2082 si
647 2039 741 2082 nemo
755 2018 915 2082 Romanus
931 2019 962 2082 in
980 2021 1111 2084 Samnio

77 2147 164 2207 esset
177 2167 186 2220 3
211 2161 267 2204 seu
279 2141 366 2204 ferox
379 2141 562 2206 adolescens
573 2140 760 2226 indignitate
772 2163 933 2223 accensus,
947 2143 1031 2228 quud
1042 2163 1112 2208 orn·
1228 2181 1232 2192 ·

811 2235 822 2257 .

76 2268 128 2332 nia
143 2267 179 2330 in
191 2265 342 2330 dictatore
354 2263 534 2330 viderentur
549 2265 685 2351 reposita
695 2285 763 2328 esse
776 2288 785 2344 3
803 2287 858 2326 sen
872 2265 1038 2328 occasione
1051 2267 1110 2333 be·

78 2407 117 2448 ue
128 2383 278 2467 gerendas
291 2383 336 2448 rei
349 2383 517 2463 inductus;
535 2383 675 2483 caercitu
690 2381 847 2445 instructo
858 2392 1028 2466 paratoque
1039 2405 1113 2468 pro·

80 2508 185 2572 iectus
201 2505 240 2570 ad
254 2505 442 2572 Imbrinium
459 2505 517 2590 (ita
531 2515 646 2568 vocant
658 2507 776 2583 locum)
793 2507 946 2570 aciacum
962 2503 1114 2569 Samniti·

79 2633 137 2694 bus
155 2628 308 2694 conflixit.
331 2629 379 2694 Ea
395 2629 522 2692 fortuna
537 2650 653 2714 pugna
668 2629 739 2708 suit,
754 2601 794 2694 ut·
807 2631 884 2694 nihil
901 2631 1045 2694 relictum
1060 2630 1113 2712 sit,

78 2779 155 2842 quo,
165 2755 193 2820 si
201 2753 352 2820 adfuisset
366 2755 510 2833 dlutator,
524 2775 571 2816 res
586 2753 697 2816 meiius
709 2755 776 2837 geri
788 2755 924 2840 potuerit
938 2780 945 2816 z
970 2775 1034 2818 non
1049 2754 1115 2820 dux

84 2877 192 2958 militi,
220 2897 284 2941 non
307 2875 398 2941 milcs
425 2875 499 2942 duci
525 2873 637 2939 defuit.
681 2875 787 2958 Eques
806 2875 911 2955 ctiam,
927 2885 1055 2940 auctore
1076 2877 1114 2940 L.

84 2997 236 3064 Cominio
252 2999 381 3064 tribuno
396 2995 545 3077 miiitum,
558 2997 611 3083 qni
625 2994 789 3082 aliqudtics
803 2997 924 3083 impetu
937 3007 1028 3084 capto
1043 3019 1115 3085 per·

82 3143 231 3210 rumpere
259 3141 324 3186 non
353 3131 476 3206 poterat
515 3119 654 3185 hostium
684 3113 808 3203 agmen,
838 3119 973 3186 detraxit
999 3123 1116 3186 fraenos

83 3244 173 3332 equis
187 3269 197 3324 3
221 3255 314 3328 atquc
330 3243 373 3306 ita
388 3233 562 3306 concitatos
576 3235 747 3305 calcaribus
761 3241 914 3326 permisit,
932 3252 964 3304 ut
978 3215 1116 3304 sustine·

81 3393 115 3436 re
129 3391 187 3437 eos
197 3373 291 3462 ¹nulla
305 3369 351 3432 vis
365 3382 494 3455 posset„
532 3369 588 3432 Per
603 3389 698 3448 anna,
725 3389 780 3452 per
795 3338 873 3432 viros
896 3372 957 3432 late
979 3379 1117 3453 stragem

85 3493 213 3558 dedere.
243 3494 378 3557 Secutus
389 3491 484 3578 pedes
494 3491 649 3576 impetum
662 3489 815 3576 equitum,
830 3490 962 3554 turbatis
973 3490 1119 3570 hostihue

84 3616 195 3682 intulit
210 3615 311 3700 signa.
334 3615 455 3700 Viginti
471 3591 723 3678 miliiahostium
737 3635 819 3678 caesa
829 3637 867 3678 eo
882 3615 931 3677 die
944 3613 1119 3682 traduntur.

85 3738 243 3823 Magister
254 3739 410 3824 equitum,
424 3727 459 3802 u't
473 3759 512 3800 ex
528 3741 615 3800 tantu
631 3737 729 3814 crede,
742 3736 851 3800 multis
868 3739 986 3822 potitus
999 3737 1119 3826 spoliis,

83 3873 239 3947 congesta
252 3859 286 3928 in
301 3861 465 3946 ingentem
480 3881 624 3924 acervum
641 3857 767 3926 hostilia
787 3881 873 3926 arma
895 3861 1022 3926 subdito
1045 3860 1120 3946 igne

566 3977 632 4047 Ec
