2750 4510
269 239 328 298 rue
685 229 739 296 Ee
760 207 906 296 mvro.¹

205 385 209 392 ’
268 419 359 468 suam
373 398 507 487 quisque
531 401 655 466 laudare
680 401 767 468 miris
792 401 904 468 modis.
949 401 1029 466 Inde
1052 402 1226 470 certamine
1241 427 1297 470 ae·

269 543 378 604 censo,
394 520 571 588 Collatinus
587 533 681 606 negat
696 523 793 588 uerbis
807 541 881 607 opus
902 543 967 586 esse
974 547 989 600 ‚⁰
1007 524 1117 606 paoem
1130 524 1164 588 id
1175 525 1298 609 quidem

271 651 352 718 loru
375 671 465 736 posse
491 651 570 730 sciri,
596 658 741 734 quoldum
770 649 886 714 cerole
904 657 1032 732 prester
1057 647 1204 712 haeretic
1229 669 1300 712 mo.

273 773 365 852 Quin,
388 773 416 838 ci
436 773 523 856 uigor
539 770 678 856 juoentoe
701 771 787 850 uuest,
817 769 1039 834 conscendimus
1064 787 1164 852 equos,
1189 769 1299 832 innisi·

267 919 391 984 neuque
404 905 569 979 presentes
583 904 755 960 nostrarum
768 889 918 980 iugenio?
944 894 982 957 ld
995 896 1098 980 cuique
1107 895 1299 978 spectatissi-

267 1041 350 1084 mum
371 1018 421 1098 sit,
444 1018 524 1102 qubd
546 1039 600 1081 nec
623 1017 746 1100 opinato
768 1017 826 1080 ciri
851 1017 982 1080 odueutu
1005 1017 1167 1082 occurrerit
1191 1015 1297 1082 ocum.

268 1141 469 1208 Incaluerant
484 1139 568 1204 vino.
586 1141 677 1226 *Age
691 1145 775 1204 soree.

315 1259 437 1324 Omnes
462 1258 564 1322 citatis
597 1257 686 1346 equis
719 1257 866 1322 advolant
898 1257 1044 1322 Romam.
1089 1257 1163 1326 Quo
1193 1278 1295 1342 quum

271 1379 382 1470 primis
392 1402 426 1444 se
437 1380 675 1444 intendentibus
688 1379 825 1444 tenebris
835 1379 1065 1464 pervenissent,
1077 1389 1215 1464 pergunt
1223 1377 1299 1443 iude

273 1504 462 1584 Collatiam3
486 1503 540 1568 ubi
556 1503 746 1582 Lucretium,
763 1503 1003 1588 haudquaquam
1018 1512 1055 1566 ut
1069 1501 1170 1584 regias
1186 1523 1299 1580 nurus,

274 1647 353 1714 quas
368 1625 402 1688 in
417 1625 561 1688 convivio
577 1625 716 1708 luxuque
733 1645 807 1686 cnm
829 1621 1003 1708 aequalibus
1019 1621 1159 1686 viderant
1173 1633 1300 1710 tempus

275 1758 424 1826 terentes,
446 1745 500 1809 sed
522 1757 615 1808 nocte
636 1749 704 1807 seri
727 1745 864 1808 deditam
885 1746 978 1824 lunae,
999 1745 1080 1808 inter
1096 1747 1300 1812 lucubrantes

271 1869 402 1936 ancillas
417 1868 451 1932 in
467 1867 571 1931 medio
593 1867 708 1930 sedium
733 1867 895 1930 sedentem
911 1866 1087 1930 inveniunt.
1132 1867 1301 1934 Muliebris

273 1989 452 2056 certaminis
468 1993 535 2052 laus
556 2011 652 2074 penes
678 1990 857 2053 Lucretiam
872 1989 951 2054 fuit:
974 1989 1143 2056 adveniens
1156 1991 1204 2054 vir
1217 1992 1298 2058 Tar·

273 2111 436 2200 quiniique
453 2111 574 2195 excepti
594 2110 744 2193 benigne.
789 2109 899 2174 Victor
923 2111 1054 2174 maritus
1069 2111 1200 2175 comiter
1214 2111 1299 2176 invi-

272 2231 592 2320 tatregiosjuvenes.
637 2231 686 2296 lbi
710 2233 844 2298 Sextum
869 2233 1077 2318 Tarquinium
1101 2236 1183 2298 mala
1197 2233 1297 2298 libido

269 2355 427 2424 Lucretiae
456 2378 512 2441 per
539 2355 602 2420 vim
626 2356 806 2440 stuprandae
832 2355 927 2440 capit.
971 2355 1056 2420 Tum
1083 2359 1193 2438 forma,
1222 2369 1295 2422 tum

275 2491 415 2568 spectata
429 2479 556 2543 castitas
571 2477 693 2542 incitat.
737 2477 781 2542 Et
796 2489 864 2542 tum
880 2478 1007 2564 quidem
1023 2483 1062 2544 ab
1075 2491 1232 2546 nocturno
1240 2478 1300 2566 ju·
1367 2461 1368 2510 1

278 2599 376 2694 venili
392 2601 467 2665 ludo
482 2599 513 2664 in
530 2610 630 2664 castra
643 2600 787 2664 redeunt.

320 2725 434 2792 Paucis
467 2719 638 2808 interjectis
670 2721 792 2802 diebus,
819 2723 934 2786 Sextus
970 2721 1173 2806 Tarquinius,
1199 2722 1302 2788 inscio

276 2825 446 2926 Cbllatino,
470 2867 542 2908 cum
571 2845 686 2909 comite
711 2867 787 2923 uno,
814 2843 982 2908 Collatiam
1004 2845 1105 2910 venit.
1150 2845 1216 2910 Ubi
1242 2867 1302 2912 ex-

276 2978 386 3052 ceptus
402 2965 539 3049 benigne
555 2971 594 3030 ab
618 2967 733 3052 ignaris
758 2966 893 3046 consilii,
918 2989 1017 3052 quum
1033 2979 1107 3053 post
1121 2989 1250 3034 coenam
1266 2969 1302 3034 in

275 3089 431 3175 hospitale
445 3087 629 3150 cubiculum
654 3087 807 3152 deductus
822 3097 905 3152 essct
914 3113 925 3168 3
950 3111 1054 3154 amore
1069 3091 1194 3170 ardens,
1210 3103 1302 3176 poct-

275 3233 370 3302 quam
386 3209 460 3276 satis
476 3209 583 3274 omnia
608 3221 678 3274 tuta
697 3209 790 3292 circi,
807 3209 963 3296 sopitique
978 3233 1088 3278 omnes
1104 3211 1304 3296 videbantur,

272 3336 383 3403 stricto
397 3331 502 3418 gladio
518 3332 557 3396 ad
571 3331 777 3398 dormientem
800 3333 981 3398 Lucretiam
997 3335 1095 3416 venit,
1111 3335 1303 3423 sinistruque

272 3481 369 3550 manq
383 3455 523 3523 mulieris
549 3465 676 3540 pectore
697 3477 858 3540 oppresso,
885 3457 977 3538 Tace,
999 3458 1156 3536 Lucretia,
1176 3457 1301 3545 inquit:

274 3563 383 3658 Sestum
410 3577 592 3665 Tarquinius
613 3597 702 3642 sacru:
717 3575 838 3660 ferrum
860 3580 892 3644 iu
914 3601 1007 3645 murm
1020 3590 1089 3646 est.-
1111 3581 1249 3662 moriere,
1275 3585 1302 3648 si

359 3735 380 3774 ³
403 3733 499 3796 Verbo
515 3735 729 3816 Tarquiniorum
745 3735 953 3797 osceruientlum
968 3735 1052 3798 dictis
1067 3735 1213 3798 Collatini.
