2724 4494
452 243 729 312 curnucuno.
769 343 774 354 ¹
1043 247 1111 319 soa
1166 213 1168 220 ’

55 421 144 486 lecti
161 431 261 504 erant.
300 419 363 483 Sed
377 422 520 504 profectis
536 417 748 487 ineluctabilis
764 419 901 482 fatorum
918 418 975 497 vis,
992 415 1101 504 c'ujus·

47 565 203 630 cumque
218 543 380 606 fortunam
394 551 517 606 mutare
532 539 709 618 constituit,
725 537 855 602 consilia
870 537 1054 622 corrumpit.
1169 548 1172 556 '

429 784 619 850 thenonus
642 785 743 850 More.

109 959 250 1024 Furentc
266 957 379 1023 deinde
395 957 547 1036 Antonio,
564 957 721 1044 simulque
741 957 876 1044 Lepido,
901 967 1111 1044 repugnante*

55 1083 204 1164 Caesare,
220 1084 274 1146 sed
291 1084 406 1148 lrustra
421 1083 566 1147 adversus
580 1083 671 1162 duos,
684 1082 891 1147 instauratum
903 1067 1026 1146 Sullani
1041 1103 1097 1146 ex-

53 1207 164 1292 empli
181 1207 312 1285 malum,
327 1206 526 1292 proscriptiO.
571 1205 662 1270 Nihil
677 1219 740 1270 tam
759 1205 923 1290 indignum
941 1207 998 1270 illo
1012 1217 1096 1271 tem-

53 1353 143 1418 pore
167 1329 239 1410 fuit,
263 1333 359 1416 quum
376 1330 460 1414 quod
477 1339 530 1392 aut
546 1327 652 1392 Caesar
667 1331 805 1414 aliquem
821 1329 1015 1413 proscribere
1041 1353 1096 1394 co-

50 1461 155 1514 actus
169 1459 228 1528 est,
252 1459 305 1512 aut
320 1451 358 1513 ab
380 1450 446 1511 ullo
462 1448 573 1511 Cicero
592 1447 785 1532 proscriptus
801 1459 870 1526 est3
895 1448 1096 1532 abscissaque

54 1575 184 1638 scelere
201 1571 334 1636 Antonii
349 1571 552 1656 roxpublica
567 1581 626 1650 cst,
651 1574 723 1634 dum
748 1569 815 1656 ejus
840 1571 974 1633 salutem
1002 1574 1096 1634 nenio
1135 1638 1139 1646 ,

54 1695 269 1776 defendisset,
286 1694 341 1780 qui
356 1715 411 1780 pcr
426 1703 475 1758 tot
490 1715 589 1758 annos
602 1705 635 1758 ct
649 1693 808 1780 publicam
823 1692 968 1774 civitatis,
982 1703 1014 1758 et
1028 1695 1096 1780 pri·

53 1829 167 1912 vatam
179 1817 295 1882 civium
312 1815 504 1880 defenderat.
540 1813 630 1879 Nihil
646 1826 752 1879 tamen
766 1814 870 1900 egisti,
887 1816 936 1879 M.
951 1815 1093 1880 Antoni:

61 1939 171 2028 (cogit
194 1939 280 2031 enim
295 1937 446 2032 eacedcre
470 1936 625 2024 propositi
640 1939 773 2002 sormam
789 1939 905 2028 operis,
924 1959 1093 2024 crumpens

56 2063 173 2128 animo
192 2081 228 2126 ac
250 2071 380 2148 pectore
407 2059 598 2146 indignatio)
617 2059 708 2140 nihil,
733 2058 872 2146 inquam,
889 2061 993 2146 egisti,
1009 2081 1094 2126 mer-

59 2181 175 2248 cedem
199 2179 412 2246 coelestissimi
436 2179 498 2245 oris
514 2189 546 2244 et
571 2177 737 2244 clarissimi
759 2179 871 2266 capitis
889 2182 1019 2248 abscissi
1034 2191 1094 2248 n'u·
1147 2153 1166 2172 Ι

58 2301 226 2386 merendo,
237 2299 542 2387 auctoramentoque'
551 2301 679 2366 funebri
693 2301 732 2366 ad
747 2303 974 2372 conservatoris
990 2327 1095 2390 quon-

58 2431 137 2494 dam
152 2425 334 2512 reipublicae
349 2425 491 2512 tantique
507 2425 583 2490 Cos.
607 2427 758 2492 irritando
782 2449 902 2492 necem.
946 2427 1093 2514 Rapuisti
1154 2505 1161 2522 ·

58 2565 98 2618 tu
115 2549 164 2616 M.
181 2550 326 2615 Ciceroni
342 2551 448 2614 lucem
463 2545 632 2628 solicitam,
644 2559 675 2612 et
691 2557 819 2613 etatem
834 2549 978 2630 senilem,
994 2563 1026 2616 et
1042 2551 1091 2614 vi·

59 2687 128 2740 tam
145 2673 338 2738 miseriorem
359 2681 390 2736 tc
405 2671 559 2757 principe,
581 2673 676 2756 quam
693 2671 752 2736 sub
769 2683 800 2736 te
815 2671 977 2736 triumviro
1004 2695 1091 2738 mor·

57 2813 148 2862 tum:
172 2797 288 2860 samam
315 2795 390 2858 vero
413 2793 609 2879 gloriamque
633 2793 790 2857 factorum
814 2807 909 2880 atquc
933 2795 1091 2861 dictorum

66 2918 147 2982 adeo
170 2937 235 2980 non
259 2913 428 2994 abstulisti,
443 2925 477 2978 ut
492 2901 626 2978 auxeris.
672 2913 770 2995 Vivit,
792 2915 937 3002 vivetque
951 2939 1007 3003 per
1022 2937 1094 2981 om-

61 3063 139 3108 nem
160 3041 349 3104 saeculorum
373 3039 579 3102 memoriam:
607 3037 747 3125 dumque
770 3041 842 3119 hoe,
864 3043 913 3104 rel
936 3043 1016 3106 forte
1042 3047 1092 3112 rel

58 3161 259 3252 providentia
275 3165 323 3225 vel
339 3172 512 3246 utcumque
529 3161 739 3226 constitutum
756 3185 859 3230 rerum
876 3175 999 3229 naturae
1015 3189 1088 3230 cor·

58 3311 121 3377 pus
139 3285 237 3372 (quod
251 3285 304 3350 ille
319 3289 400 3370 pene
416 3287 503 3349 solus
520 3283 736 3350 Romanorum
758 3287 864 3351 animo
888 3288 977 3367 vidit,
996 3287 1089 3373 inge·

63 3413 121 3478 nio
135 3409 319 3495 complexus
337 3419 395 3489 est,
411 3409 590 3494 eloquentia
606 3409 808 3492 illuminarit)
835 3413 975 3477 manebit
999 3412 1089 3479 inco-

62 3535 163 3608 lume,
179 3525 329 3591 comitem
346 3527 406 3591 aevi
426 3527 476 3590 sui
492 3529 617 3593 laudem
634 3527 796 3594 Ciceronis
819 3531 944 3616 tralrct;
968 3534 1088 3599 omnis-

63 3671 126 3740 que
141 3647 308 3736 posteritas
323 3647 407 3713 illius
432 3645 465 3712 in
488 3658 518 3712 te
538 3649 654 3736 scripta
670 3651 844 3733 mirabitur,
861 3663 952 3718 tuum
969 3655 1001 3722 in
1018 3679 1090 3726 eum

56 3759 182 3843 'sactum
199 3769 421 3837 exsecrabitur.

535 3963 628 4034 erl
