2724 4494
441 243 718 317 erraneum.

227 509 369 576 Trssnu
388 520 420 576 et
440 511 569 576 Sarum
592 508 699 584 tardet
721 506 913 594 adrrtutnriae.

99 683 231 750 Horum
253 681 332 748 xvl
355 703 510 748 annorum
542 701 637 770 opera
665 672 747 766 quis,
777 683 850 745 einr
877 679 994 743 inserta
1023 677 1086 744 sint
1151 739 1154 757 ,

49 803 164 870 ocutis
176 801 355 888 animisque
371 803 529 881 omnium,
548 801 581 864 in
604 801 747 888 partibus
763 799 952 884 eloquatur?
980 798 1086 864 Revo-

56 937 132 992 cata
148 923 181 990 in
197 929 302 991 sorum
316 925 407 1006 fides,
423 929 614 990 summotae
630 925 699 990 foro
712 922 838 1004 seditio,
857 919 1088 986 ambititt'csm-

51 1071 114 1137 po,
137 1048 422 1129 discordiarum
446 1049 644 1134 sepultaeque
673 1069 710 1113 ac
736 1047 801 1112 situ
821 1047 933 1114 obsite
952 1045 1088 1134 justitia,

57 1172 210 1258 aequitas,
232 1171 387 1236 industria
400 1169 520 1239 civitati
535 1171 685 1250 redditoe3
709 1169 840 1236 accessit
855 1169 1100 1255 magistratibus

58 1296 247 1376 auctoritas,
268 1296 391 1360 senatui
410 1293 567 1381 majestas,
586 1291 714 1378 judiciis
732 1293 885 1379 gravitas3
913 1311 1090 1380 compressa

54 1414 219 1482 theatralis
237 1413 351 1480 seditio
361 1437 371 1493 3
396 1420 481 1480 reete
499 1412 635 1480 faciendi
654 1413 802 1478 omnibus
818 1424 872 1478 aut
887 1415 1015 1478 incussa
1029 1433 1086 1478 vo·

58 1537 184 1616 luntas,
197 1547 253 1602 aut
267 1533 415 1621 imposita
430 1535 611 1608 necessitas.
657 1533 867 1600 Honorantur
885 1545 982 1615 recta,
996 1553 1091 1620 prava

59 1658 261 1746 puniuntur:
284 1657 417 1744 suspicit
430 1667 595 1744 potentem
610 1657 751 1738 humitis,
776 1677 840 1724 nun
865 1657 977 1722 timete
1000 1663 1090 1722 autt-

59 1781 159 1863 cedit,
181 1801 247 1848 non
268 1781 446 1846 coutemnit
478 1779 678 1846 humiliorem
700 1791 825 1866 potens.
867 1781 1003 1852 Quanto
1032 1803 1090 1846 an·

60 1903 375 1972 nunamoderatior?
400 1905 602 1992 quandoper
616 1903 742 1971 laetior?
767 1905 894 1972 Diffusa
916 1906 949 1972 iu
971 1905 1090 1972 Orien·

65 2027 109 2094 tis
120 2027 373 2114 occidentisque
388 2037 518 2110 tractus,
541 2037 573 2092 et
587 2027 742 2114 quidquid
756 2027 929 2096 meridiano
950 2039 1004 2094 sut
1019 2051 1094 2117 sep·

65 2147 370 2230 montascinum,
391 2169 457 2236 pax
469 2148 615 2234 Augusta
628 2171 685 2236 per
699 2169 809 2214 omues
833 2159 985 2215 terrarum
1009 2149 1094 2216 orbis

66 2269 202 2355 angulos
217 2272 237 2334 a
252 2268 491 2336 latrociniorum
507 2279 596 2336 metu
616 2280 718 2336 servat
736 2269 905 2336 immunes.
950 2269 1096 2336 Fortuita

69 2413 136 2458 non
151 2391 268 2456 sirium
279 2393 512 2474 tantummodo,
523 2394 579 2468 sed
593 2391 719 2458 urbium
734 2391 848 2458 damna
855 2394 1007 2480 principis
1022 2415 1103 2458 mu··

72 2514 233 2582 uifleentia
246 2513 396 2610 vindicat.
440 2514 609 2580 Restituta
632 2517 725 2580 nrbes
744 2515 852 2581 Asiae:
875 2515 1041 2582 vindicatas
1056 2519 1095 2584 ab

70 2635 194 2730 injuriis
214 2637 454 2724 magistratuum
469 2636 659 2722 provincie:
684 2638 786 2702 honor
807 2637 910 2722 dignis
929 2637 1096 2723 paratissi-

68 2781 162 2829 mus:
184 2783 284 2849 poeua
302 2762 335 2826 in
350 2761 450 2826 malos
471 2777 550 2839 sera,
565 2757 621 2824 sed
642 2759 756 2845 aliqua.
800 2759 973 2846 Superatus
994 2761 1096 2850 requi·

67 2897 136 2954 tate
157 2888 268 2973 gratis,
291 2888 422 2955 ambitio
441 2887 580 2971 virtute3
604 2911 678 2954 nam
699 2891 801 2956 fecere
822 2897 907 2959 recte
922 2893 1005 2958 cives
1021 2915 1096 2962 suos

72 3011 219 3101 princeps
249 3011 389 3098 optimus
420 3013 567 3080 iaciendo
597 3017 710 3098 doeet3
741 3021 876 3105 cumque
902 3021 943 3086 sit
966 3021 1102 3108 imperis

74 3133 244 3215 maximus,
259 3137 407 3222 exemplo
422 3135 522 3224 major
536 3149 595 3206 est.
837 3123 840 3130 ⁴

118 3257 201 3324 Rara
222 3257 399 3324 eminentes
417 3259 474 3324 viri
498 3281 563 3325 non
578 3263 702 3346 maguis
716 3263 911 3350 adjutoribus
927 3267 965 3330 ad
980 3271 1099 3352 guber·

76 3381 211 3448 nandam
226 3384 387 3448 fortunam
402 3403 492 3448 suam
508 3383 556 3448 usi
571 3395 647 3450 sunt
657 3409 672 3470 Ις
696 3397 733 3451 ut
754 3387 818 3453 duo
832 3389 1002 3475 'Scipiones
1017 3393 1099 3457 duo·

79 3505 139 3570 bus
152 3503 273 3584 Latiis,
294 3525 374 3590 quos
395 3527 453 3590 per
472 3505 580 3570 omnia
603 3520 808 3594 aequaverunt
829 3509 910 3590 sibi3
940 3523 977 3578 ut
998 3514 1100 3582 Divus

75 3628 240 3712 Augustus
262 3626 313 3691 M.
329 3627 480 3714 Agrippt,
502 3639 534 3692 et
557 3630 693 3694 maxime
710 3633 749 3697 ab
764 3655 815 3714 eo,
841 3633 967 3700 Statilio
981 3636 1100 3708 Tauro.

79 3747 203 3820 Quibus
217 3748 340 3814 novitas
356 3749 486 3816 familiae
501 3751 586 3816 haud
601 3751 736 3836 obstitit,
759 3777 822 3840 quo
844 3757 948 3824 miuus
965 3762 1002 3825 ad
1018 3765 1102 3827 mul·

82 3869 204 3962 tipliees
219 3874 403 3938 consulatus
419 3873 658 3962 triumphosque
673 3885 705 3942 et
726 3881 890 3968 complura
911 3881 1102 3953 eniterentur

550 3994 574 4057 S
589 4015 604 4058 s
620 4003 641 4060 tt
665 4021 670 4030 ·
