2756 4484
460 247 514 315 Es
537 245 774 315 CICERONE.
1055 251 1120 326 375

48 419 174 487 mines
193 439 262 486 nos
275 427 313 484 ut
328 441 395 486 esse
406 419 658 503 meminerimus,
673 424 710 487 el
724 422 795 506 lege
810 429 912 501 natos,
922 414 957 486 ut
968 421 1118 487 omnibus

53 541 138 606 telis
157 543 311 606 fortunae
323 541 485 628 proposita
496 541 538 606 sit
549 541 613 606 vita
625 553 751 624 nostm3
775 563 876 628 neque
886 561 954 605 esse
968 563 1118 606 recusen-

52 663 159 744 dum,
178 685 254 750 quo
270 661 376 728 minus
390 667 437 746 ed,
453 667 515 750 qud
529 663 596 729 nati
611 686 733 746 sumus,
755 663 937 729 conditione
952 663 1117 746 vivemus3

55 805 148 847 neve
169 791 246 847 tam
260 783 395 866 graviter
413 805 467 847 eos
482 805 572 848 casus
597 785 747 865 ieramus,
763 805 842 869 quos
867 785 957 848 nullo
985 781 1118 848 consilio

56 905 170 971 vitare
188 905 365 992 possimus.
403 905 598 992 Eventisque
613 907 745 972 uliomm
758 905 910 971 memorit
926 904 1117 992 repetendis,

56 1025 147 1090 nihil
172 1025 334 1090 occidisse
355 1023 448 1092 nobis
463 1025 537 1090 novi
557 1027 746 1111 cogitemus.

108 1147 243 1233 Neque
258 1145 308 1210 bae
324 1165 426 1231 neque
442 1156 566 1212 caeteroe
581 1147 826 1228 consolationes,
841 1171 912 1233 quae
927 1157 1004 1214 sunt
1024 1151 1044 1214 d
1065 1169 1113 1214 sa·
1210 1220 1214 1226 ¹

59 1270 289 1358 pientissimis
304 1269 378 1337 viris
389 1283 560 1359 usurpatae,
573 1272 796 1362 memoriaque
809 1284 841 1338 et
856 1273 952 1340 literis
967 1273 1113 1360 proditae,
1161 1321 1163 1332 ·

60 1405 203 1460 tantum
218 1393 367 1461 videntur
378 1394 529 1480 prolicere
541 1395 666 1476 debere,
678 1407 830 1482 quantum
845 1405 944 1462 status
958 1397 1027 1484 ipse
1040 1420 1112 1463 nos-

63 1529 128 1583 trae
156 1517 314 1598 civitatis,
338 1529 370 1583 et
391 1519 460 1584 haec
479 1519 675 1605 perturbatio
698 1527 875 1605 temporum
898 1519 1116 1606 perditorumr

65 1643 147 1706 ebur
170 1639 353 1707 beatissimi
371 1638 436 1705 sint
459 1641 514 1726 qui
538 1641 653 1706 liberos
676 1663 741 1706 non
766 1651 987 1728 susceperunt,
1010 1641 1114 1708 minius

64 1773 182 1828 autem
201 1759 323 1841 miseri,
337 1762 391 1848 qui
406 1761 455 1828 his
471 1761 666 1850 temporibus
682 1762 867 1843 amiserunt,
889 1765 984 1848 quim
999 1763 1027 1828 si
1042 1785 1114 1828 eos-

68 1887 147 1952 dem
161 1887 254 1952 boud
268 1893 323 1950 aut
337 1883 472 1974 denique
487 1884 591 1972 aliqud
602 1887 764 1972 republicll
776 1885 996 1972 perdidissent.
1019 1885 1115 1958 Quod

68 2008 94 2074 si
120 2019 223 2075 tuum
246 2017 279 2073 te
299 2005 488 2074 desiderium
510 2019 630 2093 moret,
654 2019 709 2076 aut
730 2009 755 2074 si
777 2019 903 2076 tuarum
927 2031 1033 2077 rerum
1056 2034 1113 2078 co-

65 2139 231 2227 gitatione
244 2161 373 2222 meres,
398 2162 463 2207 non
478 2140 570 2206 facile
589 2140 749 2210 exhauriri
769 2139 827 2207 tibi
844 2141 945 2207 *istum
967 2141 1111 2209 dolorem
1183 2208 1186 2216 ,

69 2285 169 2348 posse
184 2263 371 2330 universum
383 2273 475 2356 puto.
519 2263 577 2330 Sin
591 2264 646 2330 illa
667 2273 700 2338 te
714 2284 763 2328 res
780 2263 912 2346 cruciat,
927 2285 997 2350 quae
1010 2268 1113 2352 magis

71 2384 193 2453 amoris
206 2395 267 2462 est,
281 2394 319 2448 ut
333 2405 453 2462 eorum,
468 2383 525 2469 qui
539 2383 734 2462 occiderunt,
748 2383 888 2448 miserias
902 2385 1033 2468 lugeas3
1061 2389 1112 2484 (pt

71 2531 109 2574 eo
129 2525 198 2572 non
215 2503 329 2584 dicem,
343 2525 415 2590 quee
427 2503 600 2590 saepissime
616 2513 649 2568 et
667 2503 731 2589 legi
751 2514 784 2569 et
802 2505 918 2586 audivi,
937 2505 1017 2570 nihil
1036 2481 1111 2573 mali

73 2647 143 2698 esse
160 2628 195 2694 in
211 2639 326 2708 morte,
339 2627 373 2691 in
389 2629 452 2713 qut
466 2625 493 2690 si
515 2625 649 2692 resideat
669 2647 793 2709 sensus,
818 2627 1036 2694 immortalitas
1052 2629 1107 2696 illa

73 2754 309 2842 potiusquam
324 2771 408 2816 mors
423 2751 568 2818 ducenda
581 2749 643 2816 sit:
666 2749 716 2815 sin
736 2751 777 2816 sit
788 2749 934 2832 amissus,
955 2753 1044 2817 nulls
1061 2754 1105 2817 vi·

74 2879 140 2946 deri
160 2875 288 2944 miseris
310 2875 435 2956 debeat,
458 2895 531 2964 quae
546 2895 612 2940 uon
627 2873 782 2940 sentiatur
793 2875 815 2958 r)
841 2873 903 2940 hoc
920 2885 1028 2944 tamen
1043 2899 1107 2944 non

78 2995 427 3065 dubimns'confinmre
442 3017 587 3083 possum,
599 3017 635 3060 ea
647 2995 784 3077 misceri,
798 2994 911 3082 parari,
927 2996 1108 3084 impendere

76 3121 271 3210 reipublice,
295 3141 368 3208 quae
390 3119 448 3208 qui
464 3118 636 3206 reliquerit,
655 3119 745 3184 nullo
767 3119 862 3186 modo
876 3119 957 3186 mihi
977 3122 1106 3207 quidem

77 3245 228 3332 deceptus
241 3265 309 3309 esse
318 3241 471 3308 videatur.
513 3239 602 3314 Qud
616 3251 665 3308 est
678 3239 765 3308 enim
775 3239 844 3329 jam
858 3261 924 3308 non
937 3242 1033 3310 modb
1045 3265 1106 3330 pu-

79 3369 156 3452 dori,
176 3367 339 3459 probitati,
366 3366 487 3448 virtuti‚
515 3366 609 3434 rectis
630 3367 754 3459 studiis,
776 3369 869 3436 bonis
895 3369 1025 3454 artibus,
1050 3374 1107 3438 sed

81 3494 208 3560 omnino
230 3491 367 3560 libertati
389 3513 426 3558 ec
447 3490 547 3560 saluti
564 3489 651 3558 locii
676 3513 753 3574 nen,
775 3493 969 3576 mehercule,
991 3515 1105 3582 quem-

80 3635 171 3702 quem
192 3617 297 3682 audivi
318 3616 381 3682 hoc
402 3613 587 3700 gravissimo
601 3625 634 3680 et
652 3593 914 3702 pestilentissimo
928 3637 1014 3686 anuo
1027 3618 1105 3686 edo·

81 3737 285 3806 lescentulum
306 3749 364 3805 aut
383 3756 520 3825 puerum
540 3747 716 3818 mortuum,
739 3737 794 3824 qui
817 3737 897 3804 milri
918 3762 984 3807 non
1002 3741 1022 3806 l
1042 3741 1104 3808 diis

83 3857 303 3948 immortalibus
318 3869 445 3949 ereptus
460 3881 500 3928 ex
512 3861 562 3930 his
578 3859 722 3944 nrlserIis,
737 3855 831 3948 atquc
848 3883 887 3928 cx
907 3862 1107 3952 iniquissime
