2750 4510
481 253 536 332 nr
557 255 692 331 utro
1040 269 1101 332 rso

69 429 253 522 videbatur,
267 441 424 526 populum
437 436 618 504 Romanum
634 437 833 517 servientem,
849 443 948 524 quum
971 405 1034 501 suitv
1051 457 1102 502 rea

70 563 170 652 gibus
192 571 288 645 esset,
310 563 401 628 nullo
418 563 515 642 bello,
538 583 599 626 nec
620 563 660 624 ab
675 560 821 626 hostibus
843 560 917 626 ullis
937 563 1104 654 obsessum

70 707 167 766 esse3
189 684 327 750 liberum
348 683 485 748 eundern
507 681 661 770 populum
677 685 716 748 ab
732 658 843 747 iisdem
858 682 1003 747 Etruscis
1018 685 1124 748 obsi-'

71 809 158 890 deri,
173 829 312 894 quorum
326 829 412 894 soepe
427 807 583 875 exereitus
598 809 732 874 fuderitz
756 809 864 892 itaque
878 829 995 892 magno
1010 809 1108 874 ouda·
1149 826 1152 832 “

71 931 172 1019 cique
181 933 288 1018 aliquo
302 919 442 997 facinore
453 953 523 996 earn
539 931 760 1016 indignitatem
775 931 992 996 vindicandum
1008 941 1107 1009 ratus,

72 1056 182 1144 primo
197 1058 255 1119 sud
269 1064 382 1140 sponte
406 1065 570 1139 penetrare
584 1053 617 1117 in
629 1053 781 1118 ,hostium
797 1065 898 1118 castra
915 1053 1106 1118 constituit:
1155 1139 1158 1146 .

74 1179 155 1244 dein
171 1188 329 1258 metuens,
344 1199 396 1257 ne,
418 1177 444 1241 si
460 1179 628 1242 consulum
642 1175 765 1262 injussu
780 1191 813 1244 et
827 1178 943 1263 ignaris
960 1178 1109 1243 omnibus

76 1302 151 1380 iret,
168 1303 250 1368 lorti
265 1301 480 1388 deprehensus
495 1306 514 1366 d
529 1301 715 1366 custodibus
732 1303 885 1368 Romanis
900 1305 1110 1367 retraheretur

76 1435 115 1490 ut
132 1426 305 1508 confuga,
321 1425 530 1488 fortunatum
543 1423 630 1487 urbis
647 1425 799 1488 *crimen
812 1425 996 1503 affirmante,
1017 1447 1111 1488 sena*

76 1557 152 1612 tum
167 1543 266 1610 adiitx
295 1547 439 1612 ilomire
458 1545 599 1622 Tsdcrim,
615 1543 730 1626 iuquit,
747 1545 873 1624 Patres,
894 1555 923 1608 ct
945 1547 1071 1626 intrare,
1085 1549 1113 1610 si

75 1669 207 1752 possim,
222 1677 326 1731 costra
338 1668 469 1730 irorlirnn
486 1665 576 1728 eoo.-
599 1687 659 1728 non
670 1665 787 1748 prodo,
807 1685 861 1728 nec
881 1665 1114 1746 populationum
1216 1742 1220 1752 ,

77 1791 209 1858 invicem
231 1791 321 1856 ultor.
368 1788 488 1874 Majue,
511 1789 538 1851 ei
559 1787 617 1851 Dii
633 1785 761 1872 juvant,
787 1788 820 1852 in
842 1790 944 1854 ammo
963 1799 1008 1854 est
1025 1789 1113 1872 foci·

77 1935 152 1981 cus.
197 1915 384 2000 Approbaut
397 1911 516 1977 Patres.
561 1910 680 1974 Abdito
696 1912 779 1974 intra
791 1921 910 1976 vestem
926 1913 1021 1994 ferro,
1036 1935 1112 2000 pro·

82 2037 251 2105 ficiscitur.
297 2035 362 2099 Ubi
378 2039 415 2102 ed
430 2035 529 2114 venit,
546 2033 578 2098 in
595 2033 827 2098 confertissima
843 2037 936 2100 turbd
951 2045 1047 2122 prope
1064 2059 1114 2102 re·

56 2217 60 2222 .
84 2164 178 2249 gium
193 2161 332 2226 tribunal
348 2159 503 2224 constitit.
547 2155 596 2222 Ibi
610 2177 708 2242 quum
730 2159 924 2244 stipendium
949 2161 1029 2226 forte
1054 2163 1116 2240 mig-

84 2283 198 2350 litibus
213 2281 350 2360 duretur,
365 2289 397 2342 et
412 2279 513 2343 scriba
527 2301 601 2346 cum
616 2299 689 2364 rege
705 2281 816 2344 sedens
831 2281 899 2366 pari
920 2283 986 2349 fere
1003 2289 1117 2352 ornatu

85 2405 191 2472 merita
204 2413 323 2487 ageret,
338 2423 411 2464 cum
428 2400 544 2465 milites
559 2403 654 2485 vulgo
671 2401 813 2482 adirent3
836 2403 953 2468 timens
968 2407 1119 2474 sciscitari

88 2537 162 2592 uter
182 2525 321 2590 Porsena
335 2535 429 2604 esset,
444 2545 485 2586 ne
500 2523 673 2605 ignorando
694 2545 802 2607 regem
824 2527 993 2611 semetipse
1016 2529 1118 2612 aperi·

87 2661 139 2717 ret
152 2649 224 2736 quis
239 2659 335 2729 esset,
349 2649 412 2732 quo
429 2649 546 2711 temere
568 2645 661 2710 traxit
676 2647 805 2712 fortuna
827 2647 963 2727 facinus,
985 2649 1121 2716 scribom

88 2793 238 2862 protege
253 2773 434 2838 obtruncat.

134 2897 313 2964 vadentem
329 2895 414 2975 indc,
429 2897 492 2980 qud
506 2913 563 2980 per
578 2891 730 2978 trepidam
745 2895 870 2958 turbam
896 2907 1030 2962 cruento
1047 2913 1121 2964 md-

89 3039 190 3090 croue
204 3017 266 3082 sibi
282 3018 348 3104 ipse
364 3017 482 3082 fecerat
497 3017 592 3096 viam,
608 3037 708 3102 quum
723 3035 881 3080 concursu
896 3017 935 3080 ud
953 3019 1124 3084 clamorem

90 3147 192 3223 facto,
208 3139 475 3226 comprehensum
485 3138 565 3224 regii
582 3137 735 3202 satellites
749 3139 964 3222 retraxissent,
980 3153 1052 3206 ante
1068 3143 1125 3208 tri-

89 3267 191 3332 bunal
214 3263 298 3348 regis
319 3263 501 3343 destitutus,
518 3273 588 3326 tum
612 3283 739 3348 quoque
761 3262 844 3328 inter
867 3276 970 3330 tantus
986 3267 1124 3331 fortunae

91 3391 207 3469 minos,
224 3387 414 3453 metuendus
438 3385 540 3469 magis
562 3387 657 3469 q'uiun
677 3397 842 3452 metuensr
868 3385 1028 3456 Romanus
1048 3409 1126 3472 sup,

92 3513 211 3607 lnquit,
228 3512 322 3576 cinis:
349 3511 385 3575 C.
404 3509 541 3575 Mucium
561 3519 681 3572 nocant.
727 3509 835 3574 Hostis
860 3511 974 3576 hostem
997 3511 1129 3577 occidere

93 3637 187 3704 volui.
236 3631 302 3700 Neo
327 3636 371 3698 ad
396 3642 524 3697 mortem
549 3632 647 3700 otiam
670 3633 763 3696 ommi
790 3641 848 3711 est,
874 3631 965 3716 puden
988 3631 1052 3716 stu
1085 3637 1129 3702 od

132 3789 143 3816 ⁹
263 3793 281 3832 ἃ
308 3791 404 3852 iidem
420 3789 641 3851 criminationem
652 3789 828 3866 probabilem
837 3787 978 3869 faciente.

606 3933 636 4002 Z
