2804 4524
261 277 304 340 se
617 265 671 336 ue
693 261 744 334 M.
765 261 935 334 Tullio

260 463 371 531 gressu
385 443 524 507 olemus
538 465 546 504 ι
570 437 658 510 Quid
672 449 719 520 tu,
740 437 855 526 inquit,
875 438 940 504 huc
959 437 971 504 l
988 435 1097 504 lviiii
1110 435 1208 520 euim,
1223 457 1296 504 ere·

261 567 321 633 do:
337 575 382 648 et,
394 564 422 632 si
433 563 477 630 ibi
490 573 522 630 te
534 585 602 628 esse
614 567 757 644 scissem,
768 561 808 628 ad
818 571 851 630 te
862 562 929 648 ipse
940 559 1108 628 venissem.
1137 560 1230 642 Heri,
1240 561 1294 628 in-

258 709 367 776 quam,
382 685 464 752 ludis
479 683 667 761 commissis,
686 703 726 748 ex
747 684 826 748 urbe
843 685 1005 769 proiectus
1020 682 1093 748 veui
1107 682 1147 746 ed
1161 659 1294 768 vesper-

259 833 328 878 um.
373 809 476 876 Coum
499 805 584 874 euim
610 806 672 872 luit
696 807 761 872 hue
785 803 945 885 veniendi,
973 815 1010 872 ut
1039 805 1193 892 quosdam
1216 803 1297 870 hine

260 933 358 1000 libros
383 951 582 1018 promerem:
611 941 643 994 et
666 930 806 1016 quidem,
828 929 921 1012 Coto,
942 940 1044 997 totam
1061 931 1144 996 hano
1169 929 1295 1016 copiam

256 1049 324 1138 jum
340 1051 477 1118 Lucullo
490 1059 600 1116 nostro
615 1059 723 1116 notum
738 1071 808 1118 esse
822 1051 993 1136 oportebit.
1038 1051 1123 1118 Num
1139 1049 1189 1116 his
1205 1049 1299 1114 libris

260 1195 335 1238 eum
351 1173 446 1252 mulo,
460 1175 556 1258 quim
572 1170 694 1256 reliquo
706 1181 820 1238 ornatu
832 1171 916 1238 villoe
927 1169 1089 1236 delectari.
1133 1169 1194 1236 Est
1207 1169 1298 1236 enim

261 1293 340 1362 mihi
370 1315 495 1382 megum
524 1317 628 1360 ourae:
671 1301 852 1381 quanquam
882 1295 943 1360 hoo
972 1293 1100 1383 quidem
1129 1293 1297 1380 proprium

260 1430 353 1484 tuum
367 1439 484 1484 munus
499 1429 559 1498 est,
578 1429 615 1484 ut
637 1415 682 1483 ite
703 1417 875 1496 erudiatur,
898 1429 934 1482 ut
950 1429 982 1482 et
994 1417 1087 1504 putri,
1103 1429 1135 1482 et
1151 1417 1299 1504 Caepioni

261 1549 381 1620 nostro,
398 1549 431 1604 et
445 1537 504 1604 tibi
518 1549 582 1606 tum
602 1539 780 1626 propinquo
800 1537 1002 1626 respondeat.
1045 1539 1172 1604 Laboro
1186 1549 1296 1604 eutem

263 1683 328 1728 non
350 1661 418 1726 sine
439 1667 551 1727 musi:
576 1683 649 1726 nom
672 1673 705 1726 et
726 1661 776 1724 avi
798 1659 868 1746 ejus
890 1659 1044 1726 memorii
1058 1679 1198 1742 moveor,
1217 1665 1294 1748 (nec

263 1785 349 1850 enim
372 1785 511 1868 ignoras,
533 1783 642 1867 quenti
663 1782 792 1846 fecerim
807 1781 1015 1868 Caepionem:
1039 1784 1106 1870 qui,
1129 1793 1166 1849 ut
1187 1783 1299 1870 opinio

263 1926 334 1972 mee
348 1905 420 1984 fert,
433 1903 467 1968 in
481 1903 675 1990 principibus
685 1901 754 1990 jam
770 1915 865 1984 esset,
880 1904 907 1968 si
920 1904 1037 1970 viveret
1050 1905 1072 1984 ι)
1091 1918 1124 1970 et
1139 1907 1297 1972 Lucullus

264 2023 343 2090 mihi
358 2033 498 2090 versetur
511 2035 585 2088 unte
599 2025 720 2104 oculos,
733 2023 780 2088 vir
793 2025 867 2089 oum
882 2023 1031 2090 omnibus
1043 2029 1213 2108 excellens,
1224 2035 1298 2092 tum

264 2165 391 2212 mecum
405 2155 438 2211 et
458 2143 598 2212 amicitia
621 2157 653 2210 et
675 2145 762 2210 omni
785 2147 949 2212 voluntate
971 2149 1192 2236 seutentilque
1214 2171 1296 2214 con·

261 2265 408 2354 junctus.

309 2385 472 2468 Proeolard,
488 2386 604 2474 inquit,
619 2387 711 2470 iacis,
731 2391 805 2456 cum
819 2401 852 2456 et
867 2412 978 2458 eorum
993 2391 1177 2459 memorium
1191 2403 1297 2477 lenes,
1389 2441 1390 2446 ι

264 2531 399 2598 quorum
411 2521 542 2597 uterque
555 2511 613 2578 tibi
626 2523 816 2578 testamento
828 2514 945 2581 liberos
960 2537 1034 2581 suos
1049 2517 1295 2600 commendavit,

265 2645 298 2700 et
311 2655 445 2722 puerum
459 2633 575 2720 diligis.
619 2635 714 2705 Quod
729 2647 835 2704 eutem
851 2659 958 2704 meum
981 2660 1097 2705 munus
1119 2639 1208 2720 dicis,
1228 2662 1295 2706 non

264 2758 411 2844 equidem
426 2779 559 2838 recuso3
583 2757 637 2824 sed
652 2769 685 2824 te
700 2755 839 2856 adjungo
853 2761 987 2828 socium.
1031 2762 1123 2827 Addo
1137 2763 1232 2828 etium
1252 2763 1294 2828 il·

266 2879 334 2958 lud,
354 2883 455 2946 multe
464 2879 530 2966 jam
549 2881 628 2946 mihi
644 2881 717 2946 dure
731 2881 822 2968 signa
840 2905 975 2968 puerum
991 2895 1022 2949 et
1042 2885 1170 2971 pudoris
1190 2897 1223 2952 et
1242 2886 1294 2954 in·

265 2997 370 3081 geniis
395 2999 449 3063 sed
470 3011 596 3067 aetatem
621 3003 718 3070 vides.
762 3001 863 3067 Video
885 3005 1042 3090 equidem,
1065 3006 1216 3094 inquam=
1238 3011 1295 3076 sed

265 3119 352 3186 infici
368 3131 473 3187 tumen
485 3124 553 3211 jam
568 3127 664 3193 debet
683 3129 720 3192 iis
741 3128 872 3210 artibus,
892 3151 969 3216 quas
984 3133 1021 3216 si,
1036 3135 1113 3202 dum
1128 3147 1177 3202 est
1197 3145 1297 3216 tener,

265 3243 462 3329 combiberit,
477 3247 516 3311 ad
532 3249 650 3338 mejoru
664 3251 768 3317 veniet
783 3251 928 3340 paratior.
