2756 4484
230 186 293 248 858
632 177 861 248 Brutone

225 353 300 442 quid
313 353 352 420 ad
364 353 505 420 dolorem
517 349 647 442 adjungi
661 353 794 440 potuit?
819 363 876 417 aut
891 351 946 438 qui
962 373 1026 418 uon
1039 351 1072 416 in
1088 349 1158 418 iilis
1176 355 1278 420 rebus
1368 329 1369 332 Ἴ

223 475 411 542 exercitatus
426 473 550 540 animus
566 475 679 540 callere
696 471 764 558 jam
787 473 894 552 debet,
915 471 1137 560 atqueomnia
1158 473 1273 538 mino-
1368 477 1369 536 i

225 595 267 660 ris
280 597 484 662 existimare?
509 595 561 660 Au
577 595 662 660 iilius
678 595 791 674 vicem,
808 594 914 672 credo,
929 595 1040 659 doles?
1069 594 1216 664 Quoties
1236 596 1271 658 in

229 739 298 784 eam
314 717 543 802 cogitationem
557 737 685 782 necesse
698 727 792 782 estet
806 726 841 781 tu
854 713 989 794 veneris,
1000 725 1035 780 et
1046 735 1106 780 nos
1117 736 1212 801 sepe
1224 717 1274 782 in-

226 839 361 906 cidiurus
376 839 463 904 hisce
479 837 688 924 temporibus,
715 857 780 904 nun
798 835 935 922 pmsime
950 855 1024 900 eum
1045 835 1085 900 iis
1110 857 1187 900 esse
1214 857 1266 900 ee·

132 935 138 946 ⁸
225 975 306 1042 tum,
322 963 438 1049 quibus
450 962 519 1026 sine
532 961 644 1026 dolore
658 959 783 1026 licitum
795 969 845 1024 est
857 969 991 1024 mortem
1004 980 1078 1024 cum
1090 958 1159 1024 viti
1174 981 1265 1024 corn-
1367 1051 1368 1062 ἵ

225 1086 372 1153 mutare?
395 1081 971 1169 Quidautemfuit,quodi11amhoc
993 1091 1135 1167 tempore
1159 1083 1204 1148 ad
1218 1085 1264 1147 ri·

226 1205 364 1272 nendum
385 1209 579 1290 magnopere
595 1203 728 1270 invitare
743 1206 872 1290 posset?
897 1225 969 1290 qum
983 1206 1053 1268 res?
1076 1225 1154 1288 quar
1166 1207 1263 1290 spes?

224 1329 311 1414 quod
330 1329 428 1396 animi
452 1328 626 1396 solatium?
652 1327 709 1408 Ut,
731 1349 805 1394 oum
832 1327 940 1412 aliquo
963 1327 1168 1392 adolescente
1197 1329 1260 1413 pri-
1363 1291 1368 1385 i

224 1453 323 1520 mario
349 1451 530 1538 conjuncta,
552 1463 678 1518 etatem
701 1453 853 1536 gereret?
878 1447 1017 1516 Licitum
1039 1449 1177 1532 esttibi,
1192 1473 1258 1516 ere·
1367 1435 1368 1450 ¹

224 1579 277 1658 do,
299 1599 356 1665 pro
371 1579 428 1644 tud
440 1573 594 1660 dignitate
615 1595 654 1638 ex
679 1574 740 1638 hic
757 1569 928 1659 juventute
948 1593 1102 1658 generum
1116 1572 1266 1660 deligere,

225 1699 317 1787 cujus
332 1700 405 1768 fidei
421 1699 538 1764 liberos
553 1709 625 1764 tuos
641 1707 672 1762 te
688 1698 758 1799 tuto
772 1695 969 1762 committere
984 1707 1124 1784 putares.
1160 1701 1216 1762 An
1231 1711 1266 1763 ut

222 1845 260 1888 ea
274 1825 389 1892 liberos
401 1843 441 1890 ex
454 1842 521 1891 sese
532 1831 655 1910 pareret
663 1845 673 1902 ;
689 1841 769 1907 quos
781 1822 854 1886 eum
865 1817 1156 1902 nonientana,
1170 1824 1259 1887 leta-

222 1947 327 2010 retur?
352 1943 488 2034 quirem
503 1947 523 2008 i
538 1951 667 2028 parente
682 1941 828 2008 traditam
844 1963 899 2028 per
918 1963 953 2006 se
968 1951 1076 2008 tenere
1099 1948 1257 2028 possent?
1364 1956 1367 2010 'r

223 2066 358 2130 honores
382 2063 551 2130 ordinatim
565 2063 696 2150 petituri
710 2073 817 2130 esseut
830 2063 864 2126 in
880 2063 1065 2151 republica?
1089 2064 1123 2129 in
1137 2067 1261 2132 amico-
1361 2058 1365 2070 ’

221 2207 291 2252 rum
319 2183 455 2268 negotiis
479 2183 622 2248 libertate
646 2187 705 2250 sut
728 2185 799 2250 uti?
824 2183 909 2254 Quid
936 2185 1049 2248 horum
1072 2183 1147 2266 fuit,
1174 2189 1261 2272 quod
1366 2212 1367 2217 ¹

224 2327 288 2372 non
310 2304 410 2394 prius,
428 2287 524 2394 euim
540 2303 648 2370 datum
663 2313 722 2386 est,
747 2303 928 2392 ademptum
944 2305 1008 2372 sit?
1036 2307 1081 2370 Aa
1100 2310 1177 2374 vero
1192 2331 1261 2374 me·

224 2435 291 2498 lum
315 2442 363 2496 est
385 2429 501 2496 liberor
523 2429 677 2498 amittere.
721 2429 858 2510 Malum,
873 2429 933 2497 nisi
949 2429 1010 2498 hoc
1025 2427 1117 2518 pejus
1133 2433 1262 2502 sitiraec
1365 2425 1367 2449 ”

226 2557 355 2622 sufferre
370 2561 403 2618 et
417 2549 551 2640 perpeti.

266 2675 349 2746 Quae
377 2695 426 2739 res
453 2671 532 2738 mihi
557 2693 620 2738 non
647 2671 838 2736 mediocrem
868 2671 1116 2738 consolationem
1139 2674 1265 2758 attulit,

222 2797 294 2866 volo
318 2793 377 2858 tibi
400 2813 658 2874 commemorare,
685 2791 712 2856 si
734 2793 815 2856 sorte
836 2791 945 2857 eadem
965 2815 1015 2860 res
1037 2793 1095 2859 tibi
1111 2793 1261 2863 minuere

106 2991 112 3005 .
221 2919 362 2982 dolorem
377 2914 489 3000 possit.
533 2914 584 2978 Ex
598 2915 676 2980 Asia
691 2913 826 2996 rediens,
848 2917 921 2980 cum
940 2919 980 2982 ab
998 2917 1117 3003 AEgint
1139 2921 1262 3008 Mega-

222 3061 287 3105 ram
303 3059 411 3103 versus
434 3037 623 3122 navigarem,
639 3037 724 3128 coepi
745 3037 891 3124 regiones
911 3039 1115 3108 circumcirca
1131 3047 1261 3133 prospi-

222 3185 303 3228 cere.
349 3159 425 3228 Post
438 3181 489 3225 me
503 3169 568 3226 erat
582 3159 712 3246 AEgina,
733 3165 807 3228 anti
822 3159 964 3248 Megara,
980 3165 1088 3230 dextra
1103 3164 1261 3252 Piraeeus,

221 3285 349 3352 sinistri
373 3283 567 3350 Corinthus:
591 3305 663 3369 qum
683 3283 797 3372 oppida
817 3285 956 3370 quddam
975 3297 1119 3374 tempore
1139 3293 1261 3358 floren-

222 3409 343 3472 tissima
358 3409 497 3486 suerunt,
511 3427 596 3470 nunc
611 3413 765 3492 prostrata
776 3417 809 3472 et
822 3407 925 3474 diruta
934 3417 1006 3474 ante
1018 3411 1132 3500 oculos
1137 3409 1263 3498 jacent.

222 3532 316 3617 Coepi
331 3543 457 3614 egomet
472 3554 598 3600 mecum
613 3533 658 3598 sic
674 3533 829 3633 cogitare:
858 3533 963 3600 Hem!
992 3557 1049 3600 nos
1071 3535 1264 3620 homunculi

221 3655 433 3739 indignamur,
450 3656 476 3721 si
496 3657 565 3742 quis
581 3661 725 3724 nostrum
740 3655 870 3738 interiit,
890 3667 946 3722 aut
960 3657 1082 3724 occisus
1098 3672 1159 3742 est,
1174 3684 1259 3747 quo-

223 3799 292 3848 rum
308 3775 371 3840 vita
385 3775 509 3856 brevior
523 3799 592 3850 esse
607 3778 713 3858 debet,
734 3780 808 3878 eiam
831 3777 896 3876 apd
915 3781 987 3868 loeo
1003 3790 1052 3860 tot¹
1065 3783 1260 3880 oppidorum
