2804 4524
253 275 297 358 ro
612 277 666 342 Es
688 271 737 342 M.
759 265 926 342 lunato

253 469 378 529 omnes,
392 443 447 536 qui
461 448 494 514 io
517 469 621 514 rerum
636 447 906 536 contemplatione
925 445 1030 512 studia
1042 445 1217 532 ponebant,
1233 439 1303 508 So-

254 571 376 660 pienteo
391 583 423 638 ot
441 573 639 639 habebantur
653 585 686 638 et
701 573 957 638 nominabantur.

297 691 398 778 idque
417 713 526 758 eorum
548 713 665 758 nomen
680 713 781 778 usquc
800 692 840 756 ad
862 689 1051 778 Pythagora
1066 687 1203 755 manarit
1217 695 1301 752 ceta-

255 823 342 882 tem=
367 837 463 901 quem
486 817 535 900 (ut
556 815 664 880 scribit
685 813 809 880 auditor
824 814 966 880 Platonis
982 813 1134 879 Ponticus
1149 809 1301 876 Heracli·

258 935 327 1016 des,
342 933 389 1000 vir
402 935 515 1003 doctus
535 935 569 1000 in
590 933 712 1022 primis)
729 934 912 1000 Phliuntem
935 937 1042 1000 ierunt
1059 929 1192 1012 venisse,
1207 950 1302 994 euru-

259 1075 322 1141 que
339 1075 414 1120 cum
437 1055 571 1136 Leonte,
593 1055 735 1144 principe
757 1055 980 1136 Phliasiorum,
1004 1053 1098 1120 docte
1121 1050 1302 1139 etcopiose

258 1175 441 1246 disseruisse
455 1179 611 1264 quredam.
648 1177 751 1263 Cujus
765 1179 931 1266 ingenium
948 1188 980 1244 et
995 1175 1209 1264 eloquentiam
1225 1177 1302 1242 ebur

259 1300 433 1374 eduinum
447 1313 531 1370 creet
545 1305 647 1386 Leon,
668 1302 851 1391 quaesivisse
874 1323 914 1368 ex
928 1323 979 1384 eo,
1004 1305 1068 1387 qua
1082 1299 1220 1366 maxime
1235 1309 1303 1362 arte

258 1421 442 1490 confideret.
485 1424 651 1506 Atilium,
670 1435 770 1491 artem
788 1423 964 1513 quidemoe
985 1423 1065 1490 scire
1090 1423 1223 1499 nullam,
1246 1415 1305 1482 sed

260 1545 610 1636 ereePhiloaophum'·
635 1549 839 1617 Admiratum
865 1549 1021 1614 Leontem
1047 1543 1219 1610 novitatem
1242 1561 1306 1606 no-

259 1667 370 1750 minis,
390 1672 550 1755 quaesisse,
571 1672 701 1756 quinam
723 1681 830 1738 essent
850 1667 1048 1758 Philosophi,
1070 1678 1103 1734 et
1126 1665 1203 1754 quid
1222 1665 1308 1730 inter

256 1815 316 1858 ece
331 1804 364 1858 ct
377 1797 514 1880 reliquos
529 1797 717 1862 interesset?
739 1795 948 1884 Pythagoram
969 1807 1075 1860 nutem
1090 1791 1305 1881 reapondisse,

264 1913 402 1982 rimilcm
424 1917 485 1982 sibi
512 1917 608 1984 rideri
632 1918 730 1985 vitam
754 1917 933 2000 hominum,
962 1929 995 1984 et
1018 1927 1192 1984 merentum
1218 1937 1308 1996 erun,

256 2035 322 2123 qui
344 2037 513 2106 haberetur
536 2041 675 2105 marimo
699 2039 846 2106 ludorum
870 2049 1022 2128 apparatu
1048 2037 1146 2106 totius
1171 2036 1310 2103 Graeciae

265 2156 458 2225 celebritate.
501 2159 586 2228 Nam
603 2171 640 2226 ut
662 2159 728 2227 illic
750 2161 802 2226 alii
818 2161 1001 2248 corporibus
1016 2159 1194 2228 exercitatis
1209 2157 1310 2244 glori·

256 2299 328 2360 ω,
349 2270 597 2350 et'oobilitatem
611 2303 737 2352 coronae
755 2295 918 2371 peterent3
941 2281 996 2350 alii
1011 2283 1137 2350 emendi
1158 2292 1214 2348 aut
1228 2303 1310 2348 reu-

256 2403 368 2476 ·deudi
384 2416 511 2490 qumstu
531 2417 565 2472 et
584 2409 674 2474 lucro
693 2410 906 2488 ducerentur;
929 2419 1132 2476 emersuram
1152 2405 1311 2494 quoddam
1387 2473 1388 2514 ,

250 2549 368 2614 -genuc
383 2549 504 2613 corum,
519 2531 614 2620 idque
628 2534 678 2597 vel
697 2531 835 2600 maxime
857 2531 1044 2618 ingenuum,
1067 2530 1122 2618 qui
1137 2551 1196 2594 nec
1216 2531 1309 2616 plau·

249 2675 338 2720 -oum
368 2677 427 2720 nec
457 2657 580 2724 lucrum
605 2665 794 2743 quaererent,
811 2656 866 2722 sed
891 2653 1013 2722 visendi
1034 2658 1129 2720 causa
1151 2651 1309 2733 venirent,

268 2779 473 2865 studiosique
489 2779 703 2876 perspicerent
717 2779 794 2867 quid
808 2788 965 2866 ageretur,
980 2787 1013 2843 et
1027 2775 1215 2864 quomodo:
1232 2775 1309 2842 item
1387 2789 1388 2860 l

207 2951 219 2960 .
269 2921 341 2981 nos,
359 2903 448 2988 quasi
469 2903 504 2968 in
524 2909 678 2971 marcatis
693 2905 828 2990 quidam
850 2903 1029 2968 celebritate
1045 2923 1084 2966 ex
1098 2903 1176 2966 urbe
1192 2900 1310 2986 aliqui,
1387 2873 1388 2940 i

163 3116 170 3132 .
268 3021 315 3088 ric
340 3023 373 3088 in
395 3026 477 3092 hanc
497 3027 594 3092 vitam
615 3049 655 3092 ex
675 3027 736 3092 alii
757 3025 822 3091 vita
843 3035 876 3090 et
898 3029 1010 3092 naturi
1028 3025 1187 3112 profectos
1198 3047 1209 3105 ς
1233 3023 1310 3090 alios

249 3144 381 3232 ¹glorie
402 3147 530 3229 servire,
552 3149 630 3216 alios
655 3149 822 3236 pecuniam
848 3169 933 3214 raros
956 3170 1025 3214 esae
1049 3147 1216 3237 quosdam,
1244 3145 1311 3234 qui,
1387 3163 1388 3248 l

271 3271 396 3338 carens
418 3271 568 3339 omnibus
589 3295 647 3360 pro
669 3273 770 3340 nihilo
794 3273 922 3354 habitis,
944 3293 1049 3340 rerum
1070 3281 1216 3340 naturam
1240 3283 1312 3338 atu·
1387 3261 1388 3312 l

272 3393 362 3462 diosa
385 3395 602 3462 intuerenturr
631 3397 690 3464 hoa
714 3417 748 3464 ae
770 3399 928 3484 appellare
955 3397 1119 3486 sapientire
1143 3397 1314 3478 studiosos,
1387 3463 1388 3478 ,

274 3515 309 3582 rr
321 3528 369 3583 at
388 3519 474 3584 enm
495 3517 727 3606 Pannona„
750 3529 783 3586 et
803 3529 841 3586 ut
859 3520 926 3586 rnre
947 3519 1202 3587 rimanorum
1220 3531 1314 3602 esser,

274 3647 427 3725 spectare,
455 3641 534 3708 nihil
561 3641 621 3707 sibi
649 3643 885 3730 acquirentem
909 3641 956 3708 aio
979 3641 1012 3707 iu
1035 3641 1099 3707 rita
1126 3643 1221 3726 longe
1245 3661 1315 3706 oru-

276 3761 373 3830 nibus
410 3766 523 3834 studiis
551 3765 854 3858 contemplationem
891 3787 996 3844 rerum
1034 3763 1314 3864 cognitionemque

276 3896 437 3982 prestera,
