2804 4524
500 288 739 374 ulcuuQNu.
1088 302 1128 362 19

106 461 334 530 elaborandum
357 484 426 530 esse
453 464 632 548 arbitretur,
656 475 692 532 ut
706 486 770 552 quo
796 483 863 532 uno
879 465 1023 554 homiues
1040 466 1141 556 mani-

108 589 156 649 me
183 583 292 650 bestiis
315 594 481 672 praestent,
507 585 541 668 in
563 587 626 652 boc
647 585 829 672 bominibus
852 586 928 674 ipsis
950 588 1140 654 antecellat?

105 707 149 772 Ut
162 707 311 794 verbjam
327 708 366 772 ad
380 707 434 773 illa
447 727 572 774 summa
594 711 772 795 veniamus,
787 731 860 797 quae
881 710 928 776 vis
952 711 1013 776 alia
1034 712 1143 798 potuit

106 841 158 895 aut
173 830 331 918 dispersos
348 831 492 898 homines
515 855 615 898 ιιιιιιιιι
637 833 671 898 in
693 835 800 908 locum
823 853 1025 920 congregare,
1047 845 1102 900 aut
1121 839 1141 899 d

109 953 174 1018 scra
187 927 365 1038 agraetique
380 951 443 1018 rita
457 953 596 1018 adhunc
611 953 786 1020 humanum
807 957 930 1020 cultum
954 955 1141 1046 civilemque

108 1073 272 1154 deducere,
281 1085 346 1154 aut,
354 1072 421 1160 jam
432 1075 613 1142 constitutis
626 1075 816 1158 civitatibus,
827 1077 925 1162 leges,
932 1073 1143 1165 judicia,jura

104 1197 306 1262 describere?
332 1199 392 1280 Ac,
413 1221 453 1264 ne
468 1199 572 1283 plura,
584 1219 656 1288 qum
679 1211 754 1265 sunt
775 1205 866 1286 prend
886 1199 1138 1284 innumerabilia,

112 1331 285 1400 consecter,
297 1321 565 1407 comprehendam
580 1323 666 1388 brevi
681 1347 689 1388 ι
713 1321 767 1388 Sic
782 1323 868 1388 enim
882 1333 999 1406 statuo,
1009 1325 1142 1412 perlecti

108 1441 240 1508 oratorie
254 1439 471 1508 moderatione
486 1453 519 1506 et
533 1442 700 1528 sapientia,
717 1447 785 1508 non'
798 1445 901 1510 solum
916 1445 1018 1532 ipsius
1032 1437 1138 1532 digni-

109 1572 218 1644 tatem,
231 1563 289 1632 aed
303 1571 336 1626 et
349 1562 544 1648 privatorum
559 1561 786 1646 plurimorum,
797 1572 828 1626 et
843 1561 999 1632 universae
1011 1564 1139 1650 reipub·

106 1685 175 1750 licre
189 1687 324 1750 salutem
338 1684 476 1750 maxime
491 1685 662 1750 contineri.
705 1660 921 1756 Quamobrem
947 1687 1080 1774 pergite,
1103 1697 1140 1754 ut

109 1809 225 1890 facitis,
237 1809 453 1874 adolescentes
467 1833 476 1874 ι
499 1819 594 1896 atquc
609 1809 643 1874 in
656 1809 687 1874 id
704 1809 858 1891 studium,
867 1809 899 1874 in
911 1831 975 1898 quo
988 1811 1077 1893 estis,
1091 1809 1141 1876 in·

108 1931 249 1998 cumbite
261 1957 272 2014 3
296 1943 333 1997 ιιι
347 1941 380 1997 et
394 1931 486 1996 vobis
500 1931 627 2014 honori,
642 1943 674 1998 et
687 1933 798 2000 amieis
813 1933 957 2018 utilitati,
967 1943 1000 2000 et
1009 1933 1139 2023 reipub·

107 2058 177 2122 licae
192 2057 413 2122 emolumento
427 2077 497 2122 esse
510 2055 652 2142 possitis.

606 2253 621 2260 ..

240 2533 416 2610 Paomu.
443 2529 525 2604 Lib.
552 2527 628 2604 111.
656 2529 715 2604 De
743 2525 1005 2606 ORATORE.

421 2737 461 2802 In
482 2737 521 2801 L.
544 2734 666 2800 Cancer
690 2733 839 2804 Mortem.

113 2863 476 2991 INSTITUENTI
512 2915 607 3008 mihi,
635 2914 775 2988 Quincte
797 2917 904 2998 frater,
925 2937 999 2984 eum
1022 2869 1142 2991 demo-

111 3033 184 3102 ne'm
212 3037 339 3117 referre,
365 3043 398 3100 ct
427 3032 575 3098 mandare
603 3031 680 3096 huic
709 3029 804 3096 tertio
830 3029 925 3115 libro,
951 3052 1046 3122 quem
1068 3049 1142 3126 post
1183 3053 1186 3060 ’

109 3159 246 3226 Antonii
273 3158 522 3245 disputationem
550 3156 684 3222 Crassus
719 3155 897 3249 habuisset,
931 3159 1043 3226 acerba
1068 3165 1144 3226 sane

109 3283 288 3350 recordatio
309 3293 448 3350 veterem
463 3279 562 3346 animi
577 3299 684 3346 curam
709 3279 951 3368 molestiamque
970 3284 1143 3350 renovavit.

110 3409 198 3476 Nam
211 3406 292 3474 iliud
306 3403 544 3472 immortalitate
567 3404 701 3492 dignum
724 3403 903 3494 ingenium,
923 3404 978 3470 illa
991 3405 1143 3507 humani·

111 3539 174 3611 tas,
188 3525 244 3594 illa
255 3527 355 3594 virtus
366 3527 406 3592 L.
420 3525 537 3608 Grani,
552 3535 654 3590 morte
669 3523 810 3592 extincta
822 3525 929 3592 subita
940 3535 999 3610 est,
1014 3513 1066 3604 ιιι
1076 3530 1145 3614 die·

108 3652 175 3738 bue
186 3648 297 3716 decem
312 3657 387 3736 post
398 3669 472 3714 eum
484 3645 582 3728 diem,
595 3645 648 3732 qui
664 3647 738 3728 hoc,
752 3655 785 3712 et
797 3645 955 3736 superiore
970 3647 1052 3714 libro
1065 3629 1145 3740 con-

114 3775 245 3864 tinetur.
290 3773 338 3840 Ut
360 3772 446 3840 enim
460 3773 596 3840 Romam
612 3769 706 3836 rediit
720 3779 861 3836 extremo
875 3769 1072 3872 scenicorum
1093 3776 1145 3840 lu·

115 3897 228 3966 dorum
241 3895 306 3980 die,
322 3877 527 3964 vehementer
541 3903 721 3960 commotus
747 3893 952 3990 adomnane,
975 3917 1048 3984 que
1063 3897 1145 3998 fere·
1253 3981 1255 3990 Ι

598 4013 632 4080 D
648 4021 671 4082 2
