2756 4484
483 213 538 281 Ec
560 212 721 282 PLlNlO.
1052 222 1114 282 405

94 391 167 472 rin,
182 409 280 477 quum
294 385 400 454 audiri
422 383 611 452 Fundanum
637 385 742 471 ipsum
773 387 821 469 (ut
844 384 945 450 multa
968 386 1115 452 luctuosa

93 509 185 577 dolor
208 505 343 590 invenit)
370 505 618 594 precipientem,
645 505 730 590 quod
744 505 777 570 in
792 516 906 586 vestes,
921 507 1114 592 maganus,

94 652 245 720 gemmas,
267 632 369 694 suerat
383 639 578 713 erogaturus,
598 627 660 692 hoc
681 626 713 691 in
734 627 826 692 thura
844 635 877 692 et
899 636 1063 712 unguenta
1080 615 1117 694 et

94 754 206 819 odores
220 750 460 838 impenderetur.
493 747 553 812 Est
568 747 694 834 quidem
709 746 762 811 ille
778 745 916 812 eruditus
930 757 963 812 et
977 747 1115 833 sapiens,

94 885 132 940 ut
145 873 201 960 qui
214 895 248 938 se
261 874 299 937 ab
314 872 444 936 ineunte
454 879 547 936 cate
561 867 724 939 altioribus
737 865 850 936 studiis
862 866 1043 954 artibusque
1058 867 1116 932 de-

95 995 228 1064 diderit:
252 995 306 1060 scd
336 1015 422 1058 nunc
446 992 565 1073 omnia,
589 1013 660 1080 quas
681 989 782 1056 audiit
809 1011 904 1076 sepe,
930 1011 1002 1076 quae
1023 989 1115 1071 dixit,

96 1125 298 1207 mersatur}
321 1115 520 1206 expulsisque
533 1113 700 1180 virtutibus
715 1114 795 1194 aliis,
814 1114 940 1201 pictatis
954 1127 1003 1180 est
1012 1125 1115 1196 totus.

95 1227 141 1308 'Et
156 1240 226 1306 tulis
237 1249 284 1304 est
297 1239 409 1326 pictus,
423 1239 478 1304 eui
487 1239 651 1324 ignoscas:
674 1238 814 1302 laudabis
829 1239 937 1322 etiam,
952 1239 979 1302 si
993 1239 1114 1325 cogitu-

95 1361 186 1443 sctis,
201 1361 277 1448 quid
291 1360 440 1427 amiserit.
482 1360 599 1425 Amisit
618 1359 702 1440 enisu
717 1359 823 1442 liliam,
845 1383 915 1445 quae
931 1383 995 1426 non
1010 1362 1115 1428 minus

95 1505 198 1552 mores
213 1481 292 1571 ejus,
307 1487 401 1572 quim
418 1505 454 1546 os
471 1485 668 1568 vultumque·
680 1485 843 1561 referebat,
867 1491 1031 1569 totumque
1056 1505 1114 1570 pa·

95 1613 175 1680 trum
191 1606 268 1672 mint
286 1605 492 1672 similitudine
509 1604 723 1694 exscripserat,
767 1603 901 1669 Proinde
924 1605 951 1670 si
976 1619 1060 1690 quas*
1076 1605 1115 1670 ad

59 1807 66 1820 1
94 1753 167 1796 eum
181 1729 220 1794 de
239 1729 344 1793 dolore
360 1739 424 1793 tam
435 1726 524 1814 justo
538 1727 642 1792 literas
658 1726 775 1806 mittes,
790 1737 950 1792 memento
969 1727 1115 1794 adhibere
1165 1733 1169 1746 '

95 1851 255 1934 solatium,
266 1873 330 1916 non
343 1850 431 1936 quusi
441 1849 674 1935 castigatorium
690 1859 722 1914 et
737 1849 829 1914 nimis
841 1851 933 1932 sorte,
948 1847 1005 1916 sed
1018 1849 1114 1920 molle

95 1985 129 2041 et
143 1975 326 2040 humanum.
371 1972 466 2042 Quod
490 1981 526 2037 ut
550 1971 673 2036 facilius
696 1971 852 2051 admittat,
872 1971 1116 2038 multumlaciet

96 2097 195 2181 medii
207 2095 355 2183 temporis
371 2095 517 2182 spatium.
562 2093 608 2160 Ut
631 2093 716 2160 enim
733 2095 866 2160 crudum
885 2094 986 2160 adhuc
1000 2097 1115 2162 vulnus

96 2215 291 2282 medentium
313 2237 424 2281 murus
438 2215 629 2296 refonnidut‚
644 2214 756 2280 deiude
780 2215 910 2300 patitur,
924 2225 1018 2302 atque
1034 2217 1116 2282 ultro

93 2337 246 2424 requirit3
268 2337 314 2400 sie
336 2359 445 2400 recens
468 2338 564 2400 animi
590 2337 681 2400 dolor
705 2337 935 2400 consolationes
957 2335 1058 2422 rejicit
1077 2359 1113 2403 ac
1154 2333 1158 2340 ¹

93 2457 235 2542 reluglta
258 2477 333 2520 naor
353 2455 519 2535 desiderat,
540 2465 572 2520 et
594 2458 764 2522 clementer
779 2455 911 2520 admotis
932 2455 1112 2542 acquiescit.

95 2579 184 2664 Vale.

269 2951 522 3018 Assenserunt
545 2949 659 3016 Erras.
680 2949 784 3016 xv11.
808 2951 881 3018 Lib.
899 2948 936 3018 V.

96 3146 290 3230 coam
301 3147 374 3210 lene
387 3145 526 3212 rccitdaaa
536 3148 666 3225 umdot,
679 3143 849 3232 scutisque
859 3148 972 3232 pietate
988 3150 1114 3214 lustdcztci

316 3265 438 3330 soluo
451 3265 652 3332 odotem
665 3267 775 3330 sauia
785 3277 882 3350 optat.

286 3455 324 3522 c.
347 3411 783 3523 rn1u1usscun1nnrs
806 3461 875 3524 suo
891 3460 925 3525 s,

96 3579 233 3718 Sem,
254 3647 447 3723 quantopere
461 3637 553 3703 bonis
569 3637 686 3704 artibus
701 3640 816 3722 faveas,
835 3645 988 3726 quantum
1009 3645 1113 3728 gaudii
1168 3659 1171 3666 ’

93 3745 208 3832 sapies,
231 3745 258 3810 si
272 3745 394 3810 nobiles
412 3743 543 3831 juvenes
565 3745 696 3858 dignum
722 3748 839 3834 aliquid
863 3749 1030 3836 majoribus
1051 3753 1115 3817 suis

90 3867 227 3943 faciants
251 3887 314 3952 quo
330 3865 533 3933 festinantius¹
551 3867 663 3932 nuntio
687 3865 756 3949 tibi,
780 3868 877 3950 fuieu
900 3891 951 3934 me
974 3871 1064 3936 hodie
1079 3873 1111 3937 in
1233 3905 1235 3912 ⁴
