2750 4510
493 301 735 419 CICERONE;
1074 305 1135 381 107

96 479 223 567 putari:
252 477 307 546 sed
330 487 438 544 tamen
463 477 612 543 nonnulli
635 477 699 558 isti,
725 475 810 555 Tite,
834 475 956 542 iaciunt
978 476 1135 564 imperiti,

87 599 147 688 qui
162 603 197 667 in
213 602 275 666 isto
289 601 456 687 opusculo,
470 623 535 664 non
549 611 587 664 ut
605 603 623 664 l
640 601 745 684 poeta,
762 598 817 662 scd
829 609 865 662 ut
880 601 898 662 i
914 607 1006 678 teste,
1017 596 1134 662 verita·

86 732 156 787 tem
182 721 321 806 exigant.
366 721 437 785 Nee
464 721 587 802 dubito,
610 721 687 806 quin
714 719 822 800 iidem,
846 733 877 814 et
904 741 977 784 cum
1002 717 1133 804 AEgerid

44 829 48 836 ’
86 845 288 910 collocutum
312 845 464 923 Numam,
489 855 521 908 et
541 847 580 907 ab
604 843 708 928 aquile
731 843 905 928 Tarquinio
925 843 1046 928 apicem
1071 843 1134 908 im-

87 967 234 1054 positum
249 977 375 1052 putent.
424 968 486 1041 Qu.
508 967 670 1052 Intelligo,
686 979 729 1046 tc,
743 969 849 1046 irater,
864 967 938 1030 alius
954 965 987 1030 iu
1003 965 1135 1032 historid

85 1093 177 1176 leges
193 1089 402 1152 observandas
419 1101 541 1174 putare,
559 1089 634 1152 alias
651 1089 684 1153 in
700 1099 857 1175 poemate.
902 1090 989 1154 Mor.
1006 1089 1134 1176 Quippe

86 1215 165 1278 edm
182 1211 214 1274 iu
231 1211 284 1274 illa
300 1211 338 1274 ud
359 1210 535 1290 ueritatem,
551 1212 685 1290 Quinte,
698 1213 884 1292 referantur,
899 1211 932 1276 in
943 1213 1006 1276 hoe
1021 1213 1060 1277 ud
1075 1213 1133 1278 de·

92 1333 299 1398 lectationem
326 1335 487 1420 pleraque.
532 1335 723 1418 Quanquam
752 1345 784 1397 et
811 1335 893 1420 apud
919 1335 1144 1418 Herodotum„

87 1469 213 1544 patrem
227 1455 379 1534 historiar,
393 1467 425 1520 et
438 1455 523 1540 apud
532 1455 781 1540 Theopompum
797 1467 873 1520 sunt
888 1455 1133 1524 innumerabiles

91 1583 224 1646 fobulae.

140 1707 208 1768 Au.
228 1703 338 1767 Teneo
354 1725 449 1788 quam
465 1703 612 1790 optabam
629 1701 843 1783 occasionem,
860 1725 962 1790 neque
978 1704 1135 1772 omittam.

91 1827 183 1892 Mur.
209 1825 313 1895 Quam
339 1825 477 1904 tandem,
498 1824 596 1890 Tite?
626 1825 695 1888 Art.
716 1825 898 1890 Postulatur
918 1828 936 1889 is
955 1837 987 1889 te
1002 1823 1138 1912 jamdiu,

92 1949 143 2012 vel
170 1947 330 2031 flagitatur
351 1946 457 2032 potius
479 1945 621 2012 historia.
667 1945 721 2009 Sic
737 1945 822 2010 enim
847 1957 974 2032 putant,
996 1957 1027 2012 te
1048 1935 1136 2013 illum

93 2081 260 2151 tractante,
276 2071 357 2134 cilici
373 2091 477 2157 posse,
494 2081 530 2136 ut
546 2069 578 2134 in
595 2071 656 2135 hoc
669 2071 765 2135 etiam
778 2093 894 2156 genere
908 2071 1042 2138 Graeciae
1055 2071 1138 2138 nihil

95 2193 257 2258 cedamus.
302 2193 420 2278 Atque,
444 2201 481 2256 ut
496 2191 616 2272 audias,
640 2191 717 2278 quid
737 2215 797 2278 ego
819 2193 886 2280 ipse
901 2193 1048 2276 sentium,
1069 2215 1136 2260 non

96 2319 202 2382 solinu
225 2315 305 2378 mihi
319 2315 433 2380 videris
452 2335 561 2380 eorum
584 2315 710 2398 studiis,
731 2317 787 2402 qui
808 2315 906 2382 literis
927 2317 1137 2400 delectantur,

95 2437 152 2504 sed
168 2436 265 2500 etiam
278 2437 388 2522 patrie
404 2425 594 2502 deberehoe
609 2457 747 2518 munus3
770 2448 810 2508 ut
822 2459 870 2518 ea,
891 2440 1064 2526 quaeflsalva
1080 2455 1138 2525 per

96 2571 128 2626 te
144 2571 205 2640 est,
217 2582 273 2646 per
287 2571 319 2625 te
329 2561 521 2654 eundemsit
535 2571 655 2627 ornata.
700 2561 801 2626 Abest
816 2561 901 2624 enim
916 2561 1048 2626 historia
1062 2559 1136 2626 lites

97 2685 141 2750 ris
157 2683 285 2764 nostris,
302 2693 337 2748 ut
352 2695 385 2748 et
398 2655 464 2772 ipse
475 2683 632 2770 intelligo,
645 2695 676 2748 et
688 2705 728 2748 ex
742 2673 928 2772 te'persaepe
943 2683 1048 2748 audio
1073 2683 1138 2750 Po·
1213 2679 1218 2688 ’

97 2817 147 2872 tes
160 2817 267 2870 autem
279 2815 316 2870 tu
325 2805 469 2892 proiecto
480 2801 657 2868 satisfacere
669 2801 701 2866 in
717 2801 977 2888 et,quippeci1m
991 2802 1033 2868 sit
1044 2825 1140 2890 opus,

98 2939 136 2992 ut
151 2925 212 2990 tibi
227 2925 357 3012 quidem
372 2924 470 2989 videri
485 2927 577 3006 solet,
602 2945 702 2990 unum
719 2923 779 2988 hoc
795 2925 965 2990 oratorium
988 2925 1139 2994 maxime.

96 3049 315 3122 Quamobrem
337 3049 517 3134 aggredere,
539 3023 734 3134 quaesumus,
755 3059 787 3114 et
802 3071 892 3113 sume
908 3049 946 3114 ad
967 3050 1050 3116 hanc
1070 3069 1138 3126 rem

98 3183 238 3259 tempus,
254 3193 326 3258 quae
345 3181 395 3240 est
416 3171 567 3237 inostris
588 3171 771 3236 hominibus
791 3183 846 3237 aut
867 3173 969 3238 adhuc
984 3141 1168 3259 ignoraturi,

97 3307 154 3364 aut
167 3295 288 3362 relicta.
332 3295 440 3360 Tuum
463 3305 511 3360 est
534 3317 671 3362 munus:
696 3297 758 3360 hoo
773 3298 791 3360 a
806 3305 837 3360 te
852 3307 1055 3382 expectatur:
1079 3295 1142 3364 nisi

92 3415 178 3506 ¹quid
193 3415 318 3490 Quinto
331 3413 455 3480 videtur
470 3417 572 3482 secus.

148 3541 209 3616 Qu.
233 3537 318 3604 Mili
341 3541 416 3609 verb
431 3539 531 3604 nihil:
557 3549 590 3606 et
610 3559 695 3626 saepe
713 3539 753 3604 de
775 3539 838 3605 isto
853 3539 1003 3610 collocuti
1017 3561 1141 3606 sumus.

100 3667 165 3732 Sed
179 3675 228 3730 est
241 3663 386 3754 quaedum
402 3665 557 3730 internos
574 3685 669 3750 parve
681 3663 845 3732 dissensio.
887 3665 957 3730 Art.
972 3665 1055 3736 Quae
1069 3675 1141 3732 uu-

102 3785 176 3852 dem
191 3789 203 3853 l
238 3787 300 3860 Qu.
321 3787 349 3851 A
366 3785 482 3872 quibus
503 3784 698 3872 temporibus
718 3785 875 3856 scribendi
893 3786 1033 3874 capiatur
1049 3807 1141 3854 exor-

101 3909 204 3984 dium.
228 3907 300 3997 Ego
312 3909 399 3980 enim
410 3913 450 3978 ub
463 3908 584 3976 ultimis
597 3929 722 3992 censeo,
735 3910 884 3998 quonium
899 3911 955 3978 illu
968 3911 1014 3980 sie
1026 3907 1142 3998 scriptu

579 4029 677 4104 Pa·
