2756 4484
251 247 315 308 406
643 225 872 302 musabum

146 475 154 484 .
247 407 401 478 auditorio
417 403 577 495 Calpurnii
588 404 720 472 Pisonis.
756 402 921 470 Recitabat
935 399 1154 494 ἓςωτοπαῖγιιον,
1169 407 1276 474 erudi·

248 545 313 599 tatn
339 533 413 596 snt
438 531 694 616 luculentamque
721 527 895 591 materiam.
941 525 1064 612 Scripta
1084 528 1183 614 elegia
1210 543 1278 597 erat

249 651 430 734 fluentibus,
445 662 477 716 et
489 651 614 732 teneris,
626 661 658 716 et
672 649 835 732 enodibus,
847 649 1036 714 sublimibus
1051 651 1149 716 ctiam
1161 653 1275 736 verbis,

251 789 287 844 ut
313 774 459 864 poposcit
482 775 582 839 locus.
624 773 699 840 Alte
719 774 803 838 enirn
819 783 852 838 et
865 771 947 838 varia
963 795 1048 838 nunc
1063 775 1277 856 attollebatur,

248 917 334 968 nuuc
348 897 523 965 residebat:
546 897 670 962 excelsa
683 893 848 984 depressis,
859 897 952 960 exilia
966 897 1081 982 plenis,
1097 899 1213 964 severis
1222 897 1277 986 ju·

212 1037 217 1046 '
246 1023 350 1090 cunm
363 1023 522 1088 mutabatr
547 1019 652 1084 omnia
666 1017 793 1104 ingenio
807 1018 885 1106 pari.
930 1017 1181 1086 Commendabat
1204 1019 1272 1086 uec

246 1165 323 1211 voce
339 1143 530 1224 suavissima,
556 1161 728 1230 vocemque
750 1141 957 1221 verecundia;
981 1143 1118 1208 multum
1147 1143 1275 1230 sangui-

247 1269 310 1350 nis,
330 1268 465 1334 multum
494 1263 702 1332 solicitudinis
726 1263 758 1328 in
780 1287 844 1345 ore,
859 1285 973 1350 magna
990 1277 1176 1330 ornamenta
1196 1263 1278 1331 reci·

249 1389 356 1458 tantis.
400 1385 540 1470 Etenim,
556 1387 662 1453 nescio
678 1389 741 1472 quo
755 1395 861 1474 pacto,
876 1389 979 1470 magis
995 1387 1027 1450 in
1043 1387 1156 1452 studiis
1172 1388 1277 1452 borni·

252 1533 308 1578 ues
322 1513 427 1596 timor,
442 1513 537 1600 quim
551 1509 665 1576 fiducia
678 1509 778 1574 decet.
822 1507 874 1572 Ne
889 1511 979 1594 plura
993 1511 1187 1596 (quanquam
1202 1513 1278 1576 libet

251 1637 351 1722 plura,
366 1655 429 1722 quo
444 1643 518 1700 sunt
532 1631 712 1720 pulchriora
727 1633 765 1696 de
775 1629 904 1720 juvene,
918 1629 1033 1696 rariora
1047 1631 1085 1696 de
1099 1633 1212 1716 nobili)
1230 1621 1278 1698 ra·

248 1757 397 1824 citatione
412 1757 514 1838 linitl,
538 1757 674 1821 multdm
694 1777 730 1818 ac
745 1754 799 1819 diu
814 1755 1015 1820 exosculatus
1030 1753 1276 1834 adolescentem,

250 1877 305 1965 qui
318 1887 366 1942 est
381 1873 547 1942 acerrimus
557 1859 703 1940 stimulus
719 1873 878 1953 monendi,
893 1875 1037 1940 laudibus
1049 1873 1191 1957 incitavi,
1206 1899 1277 1962 per-

251 2009 339 2086 geret
353 2001 415 2086 qua
431 1999 592 2086 coepisset,
607 2001 789 2096 lumenque,
805 1997 887 2084 quod
903 1997 963 2062 sibi
978 1996 1109 2084 majores
1125 1999 1176 2064 sui
1197 2021 1277 2084 prae·

245 2101 549 2207 tulissent,posteris
565 2121 633 2206 ipse
647 2121 819 2208 praeierret.
856 2119 1038 2184 Gratulatus
1053 2141 1123 2184 sum
1144 2121 1274 2208 optime

252 2241 356 2324 matri,
377 2243 551 2326 gratulatus
566 2249 599 2305 et
613 2239 712 2320 fratri,
728 2239 781 2326 qui
796 2262 836 2303 ex
850 2239 1003 2323 auditorio
1018 2241 1073 2305 illo
1091 2264 1157 2306 nou
1173 2244 1278 2308 utino-

251 2381 317 2428 rem
331 2361 456 2450 pietatis
467 2360 610 2448 gloriam,
620 2365 715 2446 quarn
730 2359 783 2426 ille
797 2363 875 2426 alter
890 2361 1079 2448 eloquentiae
1091 2361 1178 2430 tulit.
1199 2363 1276 2430 Tam

254 2480 436 2548 notabiliter
456 2502 513 2570 pro
536 2481 629 2546 fratre
651 2479 801 2546 recitante
825 2481 960 2566 primurn
976 2491 1079 2565 motus
1095 2481 1178 2568 ejus,
1205 2503 1279 2548 mox

252 2603 403 2690 gaudium
428 2603 571 2670 eminuit.
614 2602 671 2667 Dii
694 2603 821 2684 iaciant,
847 2613 883 2668 ut
897 2603 971 2668 talia
985 2604 1042 2668 tibi
1058 2605 1173 2690 sapius
1193 2627 1277 2670 nuu-

251 2727 326 2792 tiem
341 2727 349 2791 l
373 2725 475 2792 Faveo
490 2725 575 2790 enim
587 2727 716 2818 spculo,
733 2747 772 2789 ue
784 2725 824 2790 sit
836 2726 939 2791 sterile
954 2737 986 2791 et
998 2729 1165 2794 effoetum:
1182 2730 1277 2794 miri·

254 2869 315 2933 quc
330 2847 434 2934 cupio,
455 2869 496 2912 ne
517 2849 638 2912 nobiles
662 2847 855 2946 nostri-nihil
871 2847 902 2912 in
918 2849 1063 2914 domibus
1079 2851 1145 2914 suis
1164 2853 1278 2938 pulcb-

254 2989 334 3050 rum,
350 2967 409 3033 nisi
425 2967 576 3054 imagines
587 2942 753 3034 'habeants
778 2987 849 3056 quse
866 2991 950 3036 nunc
974 2971 1052 3036 mibi
1074 2973 1132 3036 hos
1155 2975 1275 3038 adoles-

252 3102 359 3156 centes
373 3089 467 3155 tacitt
482 3089 617 3170 laudare,
632 3090 798 3174 adhortari,
813 3101 856 3174 et,
872 3091 957 3178 qnod
979 3097 1141 3160 amborum
1167 3092 1276 3182 gloriar

253 3213 328 3280 eatis
343 3235 491 3300 magnum
505 3223 563 3296 est,
578 3203 746 3299 agnoscere
761 3215 915 3282 videntur.
958 3215 1049 3284 Vale.
1081 3219 1099 3262 '·
1191 3247 1201 3265 ·
