2804 4524
514 320 756 394 CICERONE.
1039 349 1042 362 ¹
1107 350 1148 408 23

118 493 167 582 tes
182 485 299 586 Crasso
314 509 348 554 se
362 489 515 590 diodrant,
528 494 694 564 horribiles
719 499 911 591 miserosque
938 499 1039 577 casus.
1095 513 1147 582 Ex

116 611 233 698 quibus
256 613 295 679 C.
321 613 427 698 Cotta,
453 637 548 704 quem
572 621 625 687 ille
648 623 813 691 florentem
835 627 1014 716 reliquerat,
1036 639 1145 722 paucis

113 735 227 802 diebus
239 749 312 824 pcst
325 750 458 804 mortem
468 741 573 809 Crassi
584 743 733 832 depulsus
743 771 799 838 per
810 751 959 820 invidiam
971 757 1146 844 tribunatu,

114 879 182 924 non
197 859 308 925 multis
321 863 361 926 ab
375 883 424 958 eo
438 875 578 951 tempore
599 869 761 936 mensibus
776 869 897 959 ejectus
911 885 961 942 est
975 881 998 942 ὲ,
1009 878 1144 947 civitate.

113 977 276 1064 Sulpicius
290 992 407 1064 autem,
421 984 476 1070 qui
492 983 526 1051 in
539 987 649 1054 eadem
660 988 785 1058 invidiae
799 993 924 1062 flamma
938 996 1061 1079 suisset,
1073 1001 1144 1086 qui-

112 1101 250 1167 buscum
263 1102 403 1190 privatus
426 1105 686 1194 conjunctissime
704 1111 833 1196 vixerat,
857 1115 917 1182 bos
932 1117 965 1183 in
980 1121 1144 1188 tribunatu

112 1225 248 1311 spoliare
262 1227 401 1294 instituit
415 1231 503 1295 omni
524 1231 677 1318 dignitate
691 1260 700 1301 s
723 1235 775 1301 cui
790 1237 918 1324 quidem
931 1241 972 1306 ad
986 1263 1142 1320 summam

110 1346 245 1432 gloriam
257 1351 447 1437 eloquentie
459 1351 637 1422 timescenti
649 1357 732 1426 ferro
743 1371 849 1446 erepta
858 1362 1143 1452 vituest,etpoena

111 1471 298 1538 temeritatis
313 1493 378 1540 non
393 1473 463 1540 sine
477 1497 595 1562 magno
608 1469 792 1565 reipublicae
806 1484 891 1546 malo
905 1486 1089 1556 constituta.

153 1593 229 1680 Ego
243 1597 317 1662 verb
332 1607 375 1678 tc,
391 1597 513 1681 Crasse,
538 1599 611 1664 edm
625 1600 698 1666 vitae
712 1601 798 1684 dore,
817 1613 887 1668 tum
902 1577 1011 1671 mortis
1025 1628 1140 1694 oppor-

57 1749 58 1754 κ
109 1717 259 1798 tunitate,
281 1717 389 1784 divino
403 1718 537 1786 consilio
551 1732 584 1786 et
597 1733 703 1787 ortum
718 1734 750 1789 et
765 1723 942 1790 extinctum
964 1749 1032 1792 esse
1055 1729 1139 1794 arbi-

108 1849 185 1905 tm.
229 1839 315 1906 Nam
331 1842 389 1908 tibi
403 1855 457 1910 aut
470 1865 529 1932 pro
543 1845 658 1911 virtute
680 1845 788 1931 aniani,
811 1851 1050 1936 constantiique
1072 1857 1139 1935 trad,

107 1964 210 2030 civilis
225 1965 298 2032 ferri
313 1967 478 2032 subeunda
491 1967 552 2034 luit
568 1971 746 2052 crudelitas,
769 1983 824 2037 aut
844 1973 935 2058 siqua
956 1983 989 2038 te
1012 1977 1139 2042 fortuna

5 2093 6 2104 ¹
106 2091 149 2153 ab
164 2087 328 2154 atrocitate
340 2087 450 2155 mortis
461 2087 662 2172 vindicasset,
673 2089 782 2156 eadem
795 2113 863 2157 esse
875 2105 906 2160 te
919 2097 1066 2161 funerum
1079 2115 1135 2183 pa-

106 2207 177 2274 tria
188 2220 398 2296 spectatorem
411 2211 590 2298 coegisset:
613 2233 716 2298 neque
730 2214 834 2279 solum
850 2215 907 2280 tibi
922 2215 1135 2302 improborum

105 2332 298 2416 dominatus,
323 2333 378 2398 sed
402 2333 496 2400 etiam
520 2345 648 2422 propter
670 2333 836 2402 admistam
859 2337 975 2404 civium
1002 2342 1134 2424 caedem,

106 2457 265 2522 bonorum
280 2455 408 2522 victoria
422 2458 551 2524 moerori
565 2459 699 2526 fuisset·

152 2581 237 2648 Mili
251 2581 389 2668 quidem,
404 2581 544 2654 Quincte
558 2586 663 2665 irater,
678 2595 710 2648 et
725 2605 835 2650 eorum
851 2607 953 2666 casus,
967 2585 1135 2672 dequibus

106 2710 183 2773 ante
198 2707 273 2786 dixi,
288 2715 321 2772 et
335 2727 382 2788 ea,
407 2729 479 2794 quas
498 2691 685 2792 nosmetipsi
700 2707 742 2774 ob
757 2728 895 2770 amorem
911 2707 945 2770 in
960 2709 1134 2792 rempubli-

107 2853 179 2897 cam
202 2831 418 2898 incredibilem
432 2841 464 2896 et
479 2830 671 2914 singularem
694 2829 882 2916 pertulimus
906 2849 942 2892 ac
965 2829 1134 2912 sensimus,

107 2955 272 3042 cogitanti,
297 2955 455 3022 sententia
469 2974 553 3040 saepe
576 2963 631 3018 tua
653 2973 725 3017 vera
739 2973 775 3016 ac
789 2949 912 3038 sapiens
927 2951 1024 3017 rideri
1040 2955 1133 3034 solet,

105 3075 161 3163 qui
174 3087 302 3164 propter
313 3087 372 3158 tot,
384 3085 501 3156 tantos,
513 3085 641 3161 tamque
653 3072 829 3162 praecipites
842 3092 932 3138 casus
945 3074 1133 3154 clarisside

104 3221 176 3265 rum
190 3199 370 3278 bominum,
394 3207 488 3284 atque
503 3199 694 3284 optimorum
714 3195 862 3275 sitorum,
883 3215 934 3259 me
958 3217 1080 3281 semper
1095 3201 1133 3262 ab

105 3319 195 3384 omni
217 3309 423 3384 contentione
448 3339 484 3382 uc
508 3315 708 3384 dimicatione
732 3315 897 3382 revocasti·
941 3315 1004 3380 Sed
1019 3315 1132 3400 quoni-

102 3467 155 3510 am
167 3443 314 3530 haeejam
327 3463 430 3528 neque
443 3439 477 3505 ln
492 3439 616 3526 integro
628 3435 719 3502 nobis
731 3457 801 3502 esse
814 3445 959 3526 possunt,
971 3445 1003 3499 et
1016 3435 1132 3498 summi

103 3569 226 3634 labores
243 3565 354 3646 nostri,
369 3568 485 3650 magud
500 3561 694 3648 compensati
708 3559 820 3646 gloria,
844 3557 1040 3643 mitigantur,
1059 3567 1135 3642 per:

101 3713 211 3778 gamus
227 3690 318 3756 adea
340 3688 461 3769 solatia,
486 3707 557 3772 quae
583 3703 647 3748 non
670 3681 764 3746 modb
780 3679 893 3746 sedatis
908 3679 1061 3744 molestiis
1073 3680 1129 3767 ju-

103 3813 219 3896 cunda,
234 3813 290 3880 sed
307 3813 402 3878 etiarn
414 3809 619 3887 haerentibus,
632 3803 777 3870 salutaria
792 3803 882 3868 nobis
895 3825 963 3868 esse
974 3817 1106 3889 possunt
1121 3805 1148 3884 3'

102 3958 345 4023 sermonemque
371 3935 411 4000 L.
436 3932 540 3998 Crassi
563 3929 729 4014 reliquum,
757 3951 792 3992 ac
817 3932 908 4014 paene
938 3939 1132 4012 postremum
1249 4023 1254 4034 1
