2804 4524
502 287 744 356 monnone.
1101 303 1144 396 ss

107 474 259 531 nteretru.
290 460 388 530 Color
401 459 558 546 egregius,
574 461 697 548 integra
710 463 872 546 valetudo,
888 483 1014 530 summa
1030 465 1142 550 gratia,

106 587 170 654 vita
182 585 321 673 denique
338 584 483 650 conferta
493 587 694 671 voluptatum
711 585 855 652 omnium
871 557 1034 654 larietate.

150 711 255 776 Hune
288 709 363 774 verb
386 711 516 774 beatum
539 708 641 776 oratio
663 707 791 794 quidem
819 719 923 776 vestra
945 710 991 776 sie
1013 711 1143 796 cogitat.

108 832 192 920 Ego,
207 831 284 900 huie
298 807 395 916 duem
409 841 614 918 anteponam,
636 853 701 898 nou
722 831 823 900 audeo
837 833 961 900 ffieerer
984 835 1061 900 dicit
1085 857 1145 922 pro

109 953 244 1040 meipsa
264 951 384 1032 uirtus3
406 973 466 1020 nee
480 950 639 1018 dubitabit
660 951 713 1018 isti
734 962 839 1018 vestro
854 954 947 1020 bento
967 953 1017 1020 M.
1033 955 1144 1040 Regu·

108 1078 176 1142 lum
208 1085 410 1162 anteponere.
463 1075 569 1148 Quem
605 1075 744 1162 quidem,
779 1077 853 1140 oum
881 1079 939 1141 sut
968 1077 1145 1158 voluntate,

109 1201 199 1264 nulli
226 1197 258 1262 vi
288 1207 428 1278 coaetus,
454 1207 569 1285 praeter
595 1197 690 1264 fidem
717 1219 812 1284 quam
834 1197 961 1264 dederat
983 1199 1078 1280 hosti,
1106 1223 1145 1264 ex

108 1320 210 1408 patrib
231 1318 456 1405 Carthaginem
479 1319 670 1401 revertisset,
692 1330 762 1386 tum
785 1319 905 1406 ipsum,
931 1325 1005 1388 curn
1026 1323 1143 1408 vigiliis

110 1456 142 1510 et
157 1446 243 1510 fame
257 1443 460 1526 cruciaretur,
482 1445 596 1512 clamat
610 1443 710 1510 virtus
726 1443 899 1508 beatiorem
917 1445 1024 1526 fuisse,
1049 1450 1148 1530 quant

112 1577 280 1655 potantem
312 1565 347 1632 in
369 1570 442 1632 rost
470 1563 638 1632 Thorium.
681 1565 773 1630 Bella
801 1585 916 1649 magna
942 1567 1145 1650 gesseratis:

110 1690 158 1756 bis
173 1691 288 1756 consul
309 1689 432 1758 fuerntr
455 1687 683 1777 triumphtrat:
707 1709 767 1753 nee
782 1695 888 1752 tumen
904 1709 961 1752 sua
973 1675 1028 1752 illa
1049 1710 1144 1774 supe·

110 1813 202 1898 riom,
225 1821 291 1880 tam
305 1833 431 1898 magna,
447 1833 506 1881 nec
521 1821 585 1879 tam
599 1811 751 1909 ppaeclura
773 1812 920 1892 ducebat,
942 1815 1039 1898 quem
1053 1810 1145 1876 illurn

112 1937 263 2003 ultimum
279 1957 400 2018 casum,
422 1957 517 2022 quem
535 1946 664 2023 propter
678 1935 774 2000 fidem
787 1931 1059 2022 constantiamque
1074 1959 1147 2001 sus-

113 2071 257 2147 ceperatr
292 2059 349 2146 qui
379 2059 471 2126 nobis
499 2057 686 2130 miserabilis
715 2057 839 2124 videtur
860 2057 1073 2138 audientibus,
1099 2059 1146 2124 illi

114 2179 305 2272 perpetienti
319 2189 385 2248 erat
398 2181 606 2248 voluntarius.
634 2181 712 2247 Non
728 2181 815 2246 enim
830 2181 997 2262 hilaritate,
1012 2203 1071 2245 nee
1083 2184 1145 2246 lus-

113 2306 202 2388 eivil,
216 2329 278 2374 nec
289 2305 367 2388 risu,
382 2315 438 2372 aut
447 2305 534 2396 joae,
550 2283 839 2386 comitelevitntis3
863 2305 918 2371 sed
944 2309 1029 2392 soepe
1050 2304 1144 2376 etiam

115 2430 231 2513 tristes,
244 2431 394 2498 firmitate
405 2441 439 2498 et
452 2429 630 2502 constantil
644 2439 721 2494 sunt
733 2427 829 2498 beati.

502 2633 747 2682 *ἡ*

369 2802 428 2876 Ex
450 2798 533 2881 Lib.
552 2799 607 2874 11.
625 2799 685 2874 De
705 2797 888 2874 Frnrnus.

206 3001 401 3090 Voluptatem
421 3025 482 3072 nort
502 3007 672 3072 babendum
693 3028 756 3072 esse
776 3027 923 3072 summurn
944 3007 1064 3072 bonurn.

120 3125 268 3270 QUID
290 3191 383 3248 tanto
406 3205 487 3270 opus
519 3195 566 3250 est
592 3184 804 3252 instrumento
827 3185 861 3252 in
883 3185 1010 3274 optimis
1031 3188 1150 3254 artibus

118 3294 349 3380 comparandis,
371 3295 448 3383 quid
471 3305 560 3362 tanto
582 3319 742 3398 concursu
762 3297 1055 3366 honestissimorum
1078 3311 1150 3366 stu-

116 3418 253 3500 diorum,
280 3427 370 3484 tanto
394 3419 547 3486 virtutum
573 3421 738 3502 comitatu,
760 3421 786 3487 si
808 3443 846 3488 ea
865 3424 984 3488 nullam
1001 3423 1040 3488 ad
1057 3423 1151 3490 uliam

117 3563 195 3624 rem,
222 3541 285 3608 nisi
308 3543 348 3608 ad
373 3546 570 3630 voluptatem
592 3545 845 3634 conquiruntur?
879 3546 936 3628 Ut,
966 3545 993 3611 si
1017 3547 1150 3629 Xerxes,

119 3667 192 3732 cium
211 3665 307 3730 tantis
323 3665 487 3748 elassibus,
504 3667 662 3754 tantisque
684 3669 883 3756 equestribus
905 3680 938 3734 et
954 3669 1152 3756 pedestribus

118 3788 229 3876 copiis,
243 3789 594 3880 Hellespontojuncto,
612 3793 742 3858 Athone
760 3795 914 3878 perfosso,
929 3794 1026 3860 maria
1037 3795 1150 3860 ambu-

120 3912 256 3997 lavisset,
283 3923 460 4003 terramque
485 3915 675 4004 navigasset,
701 3917 739 3999 si,
765 3921 838 3984 cum
858 3927 946 3984 tanto
969 3917 1091 4007 impetu
1117 3917 1151 3984 iu
1186 3893 1199 3920 ‘⁵
