2804 4524
266 295 309 354 66
619 287 674 352 Eo
693 287 743 354 Μ.
765 285 930 356 TULLlO

266 455 371 524 biliter
385 455 444 523 iter
457 457 535 522 illud
550 457 723 524 ineundum
737 470 795 540 est,
810 481 874 546 quo
894 463 1052 542 conlecto,
1068 463 1155 528 nulla
1167 461 1293 550 reliqua

265 601 350 662 curu,
366 582 453 646 nulla
466 581 645 647 sollicitudo
659 583 766 648 lutura
786 583 826 648 sit
840 585 848 648 l
871 585 965 668 quim
986 605 1036 650 me
1051 585 1186 651 delectat
1199 585 1290 651 The-

263 725 420 786 ramenes,
435 706 592 790 quumque
607 706 688 769 elato
700 707 805 770 animo
820 708 887 772 est!
912 707 970 772 etsi
982 705 1067 772 enim
1079 709 1202 790 tlemus,
1214 709 1292 774 edm

261 828 409 914 legimus,
425 836 529 892 tomen
545 847 609 890 non
625 825 841 895 miserabiliter
854 830 901 894 vir
915 833 1016 895 clarus
1032 829 1192 895 emoritur.
1220 829 1291 902 Qui

262 955 335 1018 edm
350 949 513 1036 conjectus
528 951 560 1015 in
576 971 731 1017 carcerem
752 953 882 1038 triginta
895 952 987 1040 jussu
1002 965 1217 1040 tyrannorum,
1228 976 1291 1020 ve·

262 1093 378 1139 aenum
390 1081 425 1135 ut
435 1072 543 1136 sitiens
554 1073 747 1154 obduxisset,
756 1074 910 1160 reliquum
923 1075 994 1142 sice
1006 1077 1122 1162 poculo
1133 1069 1237 1161 ejecit,
1246 1086 1290 1140 ut

258 1195 292 1264 io
306 1204 479 1274 resonaret3
502 1216 566 1280 quo
588 1195 695 1260 sonitu
717 1197 849 1278 reddito,
871 1197 987 1276 ridens,
1002 1199 1149 1282 Propino,
1169 1199 1288 1284 inquit,

257 1317 447 1400 hocpttlcloo
463 1315 574 1396 Chdiae,
588 1317 644 1401 qui
666 1317 700 1380 in
723 1339 796 1382 eum
823 1321 923 1384 fuerat
943 1319 1132 1384 temrlmus.
1176 1319 1288 1386 Greci

256 1439 341 1508 enim
357 1439 390 1504 in
416 1437 565 1504 conviviis
588 1443 692 1504 solent
713 1440 886 1521 nominare,
902 1439 954 1506 cui
968 1442 1119 1525 poculum
1141 1439 1287 1508 tradituri

252 1563 328 1634 sint.
371 1563 464 1628 Lusit
485 1562 531 1626 vir
552 1562 695 1646 egregins
718 1571 858 1628 extremo
880 1562 1003 1647 spiritu,
1026 1565 1098 1628 edm
1118 1561 1185 1649 jam
1199 1583 1285 1648 puo-

252 1685 367 1756 cordiis
398 1695 582 1770 conceptam
614 1695 747 1748 mortem
769 1685 964 1750 contineret:
998 1690 1132 1770 vereque
1160 1685 1200 1764 ei,
1222 1685 1281 1769 qui

255 1829 412 1876 amenum
422 1809 609 1892 praebuerat,
625 1817 757 1870 mortem
769 1817 816 1872 est
826 1827 896 1872 eum
912 1819 1094 1892 auguratus,
1110 1830 1181 1894 quse
1193 1807 1282 1874 brevi
1379 1837 1396 1900 '‚

255 1937 425 2000 consecuta
435 1919 493 1994 est.

295 2051 390 2116 Vadit
404 2051 437 2116 iu
451 2051 587 2118 eundem
601 2069 766 2130 cunerem,
782 2059 875 2136 atque
890 2051 923 2118 in
939 2050 1074 2118 eundem
1088 2053 1197 2136 paucis
1207 2054 1282 2142 phet
1395 2133 1396 2146 ἶ

253 2173 344 2242 mnis
359 2173 514 2260 scyphum
529 2173 683 2254 Socrates,
698 2173 808 2238 eodem
832 2174 948 2240 scelere
968 2172 1125 2261 judicum,
1139 2197 1203 2262 quo
1224 2187 1279 2263 ty-

254 2319 437 2378 nonnosum,
459 2296 681 2364 Theramenes.
724 2297 783 2362 llle
806 2317 864 2362 nec
886 2309 1052 2383 patronum
1074 2298 1219 2384 quaesivit
1238 2301 1281 2366 ad
1394 2369 1395 2382 ¹

140 2484 148 2507 ,
247 2419 406 2511 judicium
428 2421 549 2508 capitis,
571 2441 628 2486 nec
639 2417 808 2514 judicibus
821 2423 954 2506 supplex
967 2421 1050 2501 fuit3
1073 2422 1280 2509 adhibuitque

250 2545 383 2615 liberam
397 2543 638 2622 contumaciam,
664 2545 683 2608 ὲ
706 2541 923 2628 magnitudine
944 2543 1039 2610 animi
1055 2544 1194 2626 ductam,
1210 2567 1277 2612 non

247 2669 449 2757 hauperbia5
472 2677 516 2748 et,
525 2671 599 2734 cum
613 2665 704 2732 facile
719 2677 826 2752 posset
840 2667 931 2732 educi
945 2671 963 2734 e
979 2667 1133 2749 custodit,
1149 2669 1271 2748 noluit;

161 2772 191 2805 '⁵
249 2775 379 2873 uticum
394 2797 486 2879 poene
502 2791 535 2856 in
559 2811 656 2854 mans
672 2787 739 2878 jum
763 2789 958 2856 mortiferum
982 2791 1060 2856 illud
1079 2802 1199 2856 teneret
1214 2813 1300 2890 pom*
1392 2881 1393 2894 ἦ

252 2915 372 2992 culum,
387 2916 512 2978 locutus
524 2911 567 2974 ita
581 2921 641 2992 cst,
656 2921 693 2976 ιιι
715 2933 779 2975 non
801 2911 840 2974 ad
854 2921 987 2974 mortem
1003 2909 1101 2991 tundi,
1114 2901 1222 2978 aarum
1238 2912 1277 2979 in

206 3092 211 3101 .
249 3035 369 3100 coelum
392 3034 546 3098 videretur
567 3033 744 3096 ascendere.
788 3033 837 3096 lta
866 3031 961 3095 enim.
974 3036 1135 3116 censebat,
1165 3035 1277 3120 itaque

251 3154 414 3225 disemis:
429 3159 452 3192 “
460 3154 551 3220 Duas
565 3177 631 3220 esse
646 3155 722 3234 vias,
735 3153 938 3240 duplicesque
950 3175 1058 3220 cursus
1070 3157 1280 3223 animorume

250 3287 273 3326 “
283 3301 412 3368 corpore
430 3277 667 3342 excedentium:
691 3297 764 3340 nam
780 3275 834 3362 qni
850 3298 883 3340 se
896 3277 1040 3344 humanis
1054 3279 1137 3344 vitiis
1159 3289 1274 3346 conta-

249 3409 273 3446 “
283 3403 467 3478 minassent,
478 3405 510 3462 et
521 3419 555 3462 se
566 3407 649 3462 totos
660 3397 846 3462 libidinibus
857 3397 1061 3480 dedidissent,
1073 3399 1189 3484 quibus
1204 3421 1272 3464 cas-

250 3527 276 3566 “
286 3522 411 3606 camel
426 3522 458 3587 in
473 3520 653 3586 domesticis
666 3519 750 3585 utils
761 3531 855 3606 atque
866 3521 991 3605 flagitiis
1001 3543 1033 3586 se
1045 3522 1277 3608 inquintssent,

179 3615 184 3630 ι
247 3649 332 3711 “vel
353 3646 386 3710 in
408 3643 572 3732 republica
601 3643 745 3709 dolando
775 3643 897 3708 fraudes
928 3643 1131 3730 inexpiabiles
1153 3665 1271 3710 conce-

249 3773 274 3814 “
284 3769 404 3857 piscant
412 3792 423 3850 3
446 3767 619 3835 indevium
631 3766 786 3852 quoddam
802 3765 861 3829 iter
871 3786 948 3846 esse,
962 3769 1116 3832 seclusum
1129 3773 1148 3832 h
1161 3737 1272 3832 couci-

248 3883 329 4022 Ἥ
340 3875 496 3960 Deorum.
532 3865 774 3964 'dusmense
789 3889 925 3975 integros
940 3901 1103 3976 castosque
1117 3889 1270 3956 senatis-
