2804 4524
521 316 763 389 emmona.
1137 331 1155 404 7

122 509 239 556 omnes
252 509 315 570 res,
330 496 363 556 et
373 487 510 577 privatas
524 499 557 556 et
568 491 724 576 publicar,
739 493 874 562 maxime
897 497 1074 582 pertinente
1097 499 1159 568 boe

123 622 210 695 tuta,
231 612 297 679 boc
315 611 464 694 honesta,
484 613 549 678 boe
568 611 716 697 illustris,
731 615 794 684 boc
808 615 921 684 eodem
936 619 1158 709 vitajucunda

122 735 192 802 liat.
236 735 322 801 Nam
336 733 415 801 hino
429 735 468 800 ad
482 737 713 822 rempublicam
737 735 875 826 piurima
890 743 1057 810 commoda
1071 747 1160 812 veri·

123 867 198 939 unt,
220 857 249 926 ri
272 857 464 928 moderatrix
485 859 629 926 omnium
652 881 757 926 rerum
781 867 900 947 praestb
922 875 972 931 est
993 867 1162 954 sapientia.

123 980 216 1048 Hinc
229 981 271 1048 ad
284 980 384 1069 ipsos,
404 979 460 1069 qui
475 1003 544 1046 eam
560 981 667 1068 adepti
682 993 772 1066 sunt,
795 987 877 1068 laus,
893 987 1007 1070 honor,
1021 989 1161 1078 dignitas

122 1103 283 1170 ombuit:
308 1105 386 1170 hinc
409 1104 523 1182 amicis
542 1127 671 1194 quoque
693 1128 804 1174 eorum
827 1109 1040 1178 certissimum
1054 1133 1091 1178 ac
1106 1123 1161 1180 tu-

120 1223 285 1294 tissimum
309 1224 496 1311 prasidium
521 1235 733 1312 comparatur.
776 1229 825 1294 ac
855 1229 936 1296 mibi
957 1231 1088 1319 quidem
1111 1234 1158 1300 vi·

123 1347 242 1416 &ntur
262 1347 422 1430 homines,
444 1349 519 1414 cum
543 1349 654 1416 multis
669 1351 764 1416 rebus
778 1350 965 1418 humiliores
979 1363 1012 1419 et
1026 1353 1162 1422 infirmi-

121 1482 194 1538 ores
208 1471 286 1552 sint,
300 1471 362 1541 bec
376 1492 410 1538 re
425 1469 564 1537 maxime
580 1469 692 1536 bestiis
707 1481 870 1557 praestare,
883 1475 969 1560 qubd
980 1475 1069 1562 loqui
1080 1499 1156 1564 pos-

121 1601 212 1659 sunt.
243 1591 350 1663 Quare
365 1595 555 1680 praclarum
571 1589 650 1659 mihi
665 1589 816 1678 quiddmu
831 1592 957 1660 videtur
970 1594 1104 1681 adeptus
1119 1597 1162 1684 is,

120 1715 190 1806 qni,
210 1719 321 1805 quire
335 1714 485 1784 homines
501 1713 613 1784 bestiis
628 1723 795 1802 praestent,
816 1719 855 1780 ea
869 1715 903 1783 in
917 1739 952 1782 re
974 1715 1159 1784 homiuibus

1 1821 2 1828 '
122 1837 202 1927 ipris
216 1841 402 1912 macello.

554 2023 728 2088 ..4-

213 2225 391 2310 Paumu.
418 2225 503 2303 Lib.
532 2227 584 2303 11.
612 2229 672 2304 De
699 2225 1057 2308 INVENTIONE.

292 2376 297 2390 Ι
320 2419 456 2488 cremo
478 2420 517 2484 de
539 2417 668 2506 serpitis
687 2422 751 2486 ruia
773 2421 956 2488 Rhetoricis.

125 2573 461 2702 CRO'FONIATAE
476 2627 648 2716 quondam,
663 2631 736 2694 cirm
760 2627 906 2694 florerent
926 2627 1077 2694 omnibus
1099 2653 1157 2696 co·

104 2743 199 2834 piis,
219 2753 253 2809 et
267 2743 301 2809 in
314 2741 410 2814 ltalia
424 2745 498 2810 cum
513 2739 547 2810 in
566 2742 679 2828 primis
699 2743 783 2807 beati
805 2753 1058 2824 numerarentur,
1073 2751 1156 2808 tem-
1244 2805 1248 2816 ,

122 2867 214 2952 plum
236 2861 385 2946 iunonis,
406 2862 493 2952 quod
507 2860 747 2950 religiosissime
760 2863 921 2942 colebant,
936 2861 1072 2948 egregiis
1087 2861 1157 2950 pie-

123 2985 199 3068 turis
212 2985 406 3072 locupletare
419 2987 602 3050 voluerunt.
640 2981 753 3071 Itaque
766 2978 991 3050 Heracleotem
1003 2983 1156 3068 Zeuxim,

117 3087 182 3198 qai
192 3119 263 3178 tum
279 3111 376 3196 longe
391 3107 515 3176 cacteris
529 3109 684 3174 excellere
707 3105 885 3194 pictoribus
905 3105 1158 3191 existimabatur,

123 3215 239 3320 magno
268 3231 372 3326 pretio
401 3231 598 3298 conductum
627 3229 854 3296 adhibuerunt.
898 3229 932 3297 Is
961 3241 995 3297 et
1024 3225 1156 3298 caeteras

123 3357 245 3424 tabariae
271 3356 453 3442 complures
481 3351 601 3442 pinxit,
624 3375 758 3440 quarum
781 3355 938 3422 nonnulla
958 3375 1032 3442 pars
1056 3376 1157 3442 usquo

123 3481 162 3549 ad
176 3490 319 3552 nostram
333 3478 532 3563 memoriam,
546 3485 676 3566 propter
689 3477 755 3546 sani
769 3477 971 3566 religionem,
985 3479 1157 3562 remansit;

1 3692 2 3697 ἵ
122 3611 167 3688 ct,
181 3612 220 3670 ut
234 3605 446 3670 excellentem
466 3601 630 3672 muliebris
650 3603 763 3668 forman
781 3599 1053 3688 pulchritudinem
1068 3609 1159 3668 muta

123 3727 157 3793 in
171 3749 240 3794 sese
254 3728 361 3816 imago
379 3727 569 3808 contineret,
591 3723 729 3791 Helenen
749 3747 783 3792 se
803 3725 936 3812 pingere
951 3724 1157 3792 simulacrum

123 3851 202 3940 velle
221 3851 312 3918 dixit.
356 3849 455 3922 Quod
474 3847 680 3930 Crotoniatae,
700 3849 755 3936 qui
776 3871 851 3915 eum
873 3847 1022 3916 muliebri
1037 3847 1070 3914 in
1087 3872 1157 3914 eor·

123 3996 200 4064 pore
224 3973 389 4064 pingendo
409 3973 583 4066 plurimum
599 3971 668 4040 aliis
682 3981 831 4060 prestare
847 3993 932 4062 saepe
948 3971 1159 4061 accepissent,
1278 4043 1290 4061 ,
