2756 4484
228 205 294 270 888
630 201 858 272 EPISTOLAE
1373 285 1374 296 χ

228 369 412 439 memoriam
423 371 532 440 Croesi
547 371 586 440 de
601 375 664 442 tuis
677 397 760 444 unus
774 387 857 442 esset
869 399 879 456 3
906 387 939 442 et
953 377 980 442 si
995 377 1042 444 uti
1053 379 1270 444 commenda-
1373 299 1374 394 l

228 493 369 560 tionibus
385 497 492 578 vellet,
507 495 602 562 etiem
620 520 676 584 per
703 499 782 564 elios
807 519 882 564 eum
898 497 1044 566 ridebum
1062 500 1094 564 id
1108 502 1272 586 cmsequi

227 637 334 706 posse.
376 617 609 686 Testimonium
635 641 741 684 meum
762 619 802 684 de
826 641 865 684 eo
884 617 1010 704 judicii,
1033 621 1120 706 quod
1140 631 1175 684 et
1199 620 1272 706 ipse

229 741 339 828 msgrd
354 741 546 822 estimabat,
566 751 598 806 et
613 765 673 826 ego
688 741 772 830 apud
793 753 825 808 te
839 745 940 814 velere
957 765 1042 808 crem
1056 755 1225 829 expertus,
1237 743 1271 808 ei

229 861 367 930 libenter
380 861 463 928 dedi.
498 863 642 930 Doctum
658 863 754 949 igitur
767 863 930 930 hominem
944 863 1139 950 cognori,et
1154 863 1275 930 studiis
1373 907 1374 936 r

228 985 358 1072 optimis
374 986 528 1068 deditum,
544 986 638 1074 idque
661 990 681 1052 b
704 1009 816 1072 puero.
861 987 946 1054 Nem
971 987 1058 1054 domi
1083 1011 1166 1054 men
1193 1011 1273 1054 cum

228 1105 371 1176 Diodoto
392 1097 514 1190 Stoico,
541 1109 681 1190 homine,
697 1131 768 1174 meo
780 1109 915 1196 judicio,
930 1109 1159 1191 eruditissimo,
1181 1113 1275 1176 mul-

229 1229 299 1293 tum
315 1229 444 1314 lpuero
457 1227 531 1292 suit.
561 1228 658 1296 Nune
672 1241 777 1294 autern
794 1229 942 1296 incensus
958 1229 1063 1296 studio
1077 1251 1185 1294 rerum
1200 1241 1278 1296 tue·
1373 1261 1374 1272 ἢ

229 1369 312 1431 rum,
327 1371 379 1414 ess
393 1350 491 1416 literis
506 1351 629 1417 Grreeis
643 1353 790 1418 rnendure
806 1353 965 1439 cupiebat.
1001 1351 1097 1418 Posse
1112 1353 1272 1418 arbitror:

211 1470 314 1536 uniet
328 1467 468 1556 iugenio,
484 1471 582 1536 hebet
595 1491 700 1552 usum,
711 1469 778 1558 jorn
793 1471 914 1558 pridem
931 1471 963 1536 in
978 1493 1017 1536 eo
1034 1495 1153 1558 genere
1173 1473 1274 1538 studii
1373 1535 1374 1556 p

230 1587 456 1678 literarumque
481 1601 640 1656 versetur:
671 1592 849 1656 satisfecere
876 1590 1105 1658 immortalitati
1137 1593 1271 1658 laudum

105 1721 110 1730 '
228 1721 354 1780 merum
375 1713 559 1780 mirabiliter
580 1713 678 1800 cupit.
724 1714 833 1780 Habes
849 1714 1008 1800 opinionis
1024 1735 1104 1778 mese
1119 1714 1271 1780 testimo·
1373 1705 1374 1788 Ῠ

228 1835 339 1902 nium:
363 1837 418 1900 sed
443 1846 478 1900 tu
499 1837 559 1900 hoc
579 1835 704 1902 fecilibs
725 1839 838 1917 multb‚
860 1859 918 1922 pro
934 1841 987 1900 tul
1010 1835 1165 1920 singulari
1190 1859 1269 1922 pru·

226 1957 346 2038 deotit,
362 1955 530 2042 judicabis.
575 1959 619 2024 Et
634 1970 750 2044 temen,
775 1959 861 2046 qubrl
885 1979 1084 2044 negaveram,
1099 1981 1269 2024 commen-
1373 2027 1374 2040 ἢ

229 2077 272 2143 do
287 2079 345 2144 tibi
368 2101 451 2146 cum.
495 2079 658 2166 Quidquid
673 2079 701 2143 ei
716 2079 975 2160 commodaveris,
991 2080 1051 2146 erit
1066 2079 1098 2146 id
1115 2078 1271 2168 majorem
1373 2117 1374 2120 ¹

232 2201 267 2268 in
282 2199 414 2268 modum
427 2210 565 2286 gratum.

339 2535 596 2600 decessurum
621 2533 731 2602 Ense.
747 2536 774 2602 1·.
798 2537 873 2602 Lib.
888 2535 979 2602 XIV.
993 2537 1034 2600 ed
1053 2537 1161 2602 FAM.

233 2693 334 2762 mm
358 2697 449 2781 deflet
468 2715 558 2760 suem
577 2717 755 2784 suorumque
775 2696 994 2778 colomitotcrn,
1015 2695 1138 2786 perque
1151 2699 1278 2781 colpum

273 2816 607 2902 consertinomieorum
619 2817 767 2884 oonsilio:
790 2818 1272 2902 eicionrditionemprorscsim-
1373 2823 1374 2908 l

272 2943 409 3024 probor.-
432 2941 498 3020 olio
512 2941 654 3026 pedem
668 2941 785 3006 scribit.
1373 2939 1374 2960 ¹

161 3123 165 3134 ·
283 3093 478 3161 suemus
498 3091 741 3162 renonum
765 3095 853 3172 sus,
875 3093 1116 3160 suenone
1133 3067 1229 3175 ‘sus

208 3213 211 3218 “
524 3215 961 3296 ercenon1s00,s.o.

236 3347 332 3470 ET
353 3403 455 3470 literis
491 3404 664 3468 multorum
695 3411 727 3465 et
762 3421 906 3465 sermone
941 3399 1085 3464 omnium
1114 3403 1272 3486 perfertur

231 3515 271 3582 td
296 3535 358 3596 mr,
382 3513 598 3580 incredibilem
619 3523 706 3578 tuom
728 3511 876 3576 virtutem
900 3519 931 3574 et
955 3509 1171 3574 fortitudinem
1185 3535 1266 3592 esse,

230 3648 326 3724 teque
349 3660 408 3704 nec
430 3637 525 3703 enimi
554 3659 611 3700 nec
636 3635 774 3720 corporis
800 3633 959 3697 laboribus
983 3633 1155 3717 defetigari.
1209 3635 1265 3698 Me

233 3759 406 3830 miserum!
440 3771 471 3826 te
501 3759 560 3826 istl
591 3757 716 3838 virtute,
752 3755 824 3837 fide,
855 3753 1024 3842 probitate,
1063 3757 1269 3828 bunranitate.
