2724 4494
246 257 309 318 css
567 243 695 338 mu.
718 241 916 312 venturo

243 441 306 507 que
333 417 491 486 Consules
515 429 663 508 superat:
695 439 831 504 quorum
852 417 1038 500 Norbsuus,
1059 415 1127 486 acie
1151 417 1286 502 victuat

244 541 365 628 Scipio,
387 543 427 611 ab
443 539 586 608 exercitu
601 561 661 606 suo
676 539 820 606 desertus
834 560 871 604 ac
886 535 1042 624 proditus,
1063 539 1243 606 inviolatus
1269 545 1289 606 ὶ

244 663 335 730 Solu
349 663 498 730 dimissus
513 672 572 727 est.
594 661 684 726 Aded
696 659 783 727 enim
798 657 1059 740 Sulladissirnilia
1068 660 1133 726 luit
1146 663 1288 728 bellator

246 807 284 854 ac
294 787 406 866 victor,
428 793 476 865 ut,
491 783 566 850 dum
580 781 695 863 vincit,
705 780 886 870 justissimo
899 781 1012 864 lenior,
1029 793 1103 870 post
1115 783 1289 850 victoriam

245 909 354 976 audito
370 907 465 974 luerit
479 904 646 972 crudelior.
675 905 762 970 Nam
777 915 810 970 et
825 905 1003 986 consulem,
1015 919 1284 996 exarmatamque

248 1031 423 1102 Sertorium
438 1029 532 1116 (proh
547 1025 660 1114 quanti
676 1049 750 1092 mos
766 1027 843 1093 belli
857 1027 959 1094 lacem
972 1027 995 1110 l)
1007 1037 1038 1092 et
1053 1031 1177 1096 multos
1193 1033 1285 1112 alios,

247 1150 369 1239 potitus
395 1169 518 1230 eorum,
542 1145 669 1216 demisit
695 1143 896 1230 incolumesr
922 1147 1028 1228 credo,
1051 1159 1089 1214 ut
1112 1147 1147 1214 in
1170 1151 1286 1216 eodem
1349 1169 1350 1172 ’

248 1273 379 1342 hdmine
399 1271 535 1361 duplicis
556 1293 593 1336 ac
616 1267 820 1336 diversissimi
842 1267 940 1338 enimi
964 1269 1206 1359 conspiceretur
1230 1295 1286 1340 ex·

249 1400 402 1488 emplum.

415 1641 564 1708 rosum
579 1641 784 1723 Tamum,
804 1637 879 1706 Due
892 1635 1112 1704 Ssunrrrurc.

293 1817 338 1882 tr
352 1814 486 1882 Pontius
500 1813 681 1896 Telesinus,
701 1813 767 1880 dux
780 1809 985 1894 Samnitium,
999 1813 1047 1878 vir
1066 1811 1167 1878 enimi
1190 1815 1286 1882 belli·

249 1959 312 2026 que
328 1937 531 2020 fortissimus,
541 1937 736 2025 penitusque
749 1930 897 2002 Romano
909 1935 1032 2002 nomini
1045 1935 1285 2020 infestissimas,

247 2057 417 2126 contractis
433 2057 559 2126 circiter
572 2059 674 2126 ng
694 2057 877 2124 fortissima.
899 2055 1229 2146 pertinacissimreque
1250 2059 1285 2124 in
1351 2025 1352 2048 Χ

245 2183 418 2254 retinendis
434 2182 529 2248 armis
539 2179 730 2270 juventutis,
741 2181 888 2248 Carbone
899 2201 936 2268 ac
949 2178 1054 2246 Mario
1071 2179 1282 2264 Consulibus,

244 2307 391 2376 Calendis
405 2303 643 2373 Novembribus
657 2303 703 2368 ita
718 2303 757 2370 sd
771 2313 897 2390 portam
912 2303 1070 2370 Collinam
1091 2324 1168 2371 cum
1184 2303 1279 2370 Sults

247 2429 423 2514 dimicavit,
446 2438 484 2496 ut
497 2429 535 2496 ad
550 2447 713 2494 summum
734 2427 906 2495 discrimen
924 2435 1044 2494 etcum
1060 2437 1092 2492 ct
1106 2427 1282 2516 rempubli-

246 2577 317 2624 cam
329 2555 526 2644 perduceret.
567 2553 650 2624 Qua
664 2573 730 2618 non
745 2549 848 2640 mejus
869 2551 1045 2638 periculum
1059 2549 1148 2633 adiit,
1172 2551 1278 2619 Auni-

246 2681 327 2748 balia
349 2681 432 2748 lutra
446 2677 576 2746 tertium
592 2675 762 2743 miliarium
785 2683 886 2742 castra
908 2674 1099 2763 conspicata,
1123 2677 1223 2762 qndm
1245 2695 1282 2744 ca

246 2805 311 2888 die,
338 2825 403 2892 quo
428 2803 660 2870 circumvolans
684 2799 810 2868 ordines
845 2797 1001 2866 exercitus
1024 2795 1075 2866 sui
1093 2797 1282 2882 Telesinus,

246 2925 459 3014 dictitausque
483 2927 589 2990 adesse
610 2923 761 2990 lionoris
777 2921 916 2989 oubam
936 2921 1029 3004 dicon
1051 2921 1284 2990 vociferabatur

246 3049 411 3116 mumdum
424 3049 641 3138 delendamque
652 3049 777 3112 orbem:
800 3044 963 3134 adjiciens,
978 3067 1142 3134 sturnorum
1158 3045 1281 3130 defutu-

244 3193 295 3242 ros
316 3181 453 3258 raptores
479 3169 599 3236 Italico
623 3169 768 3236 libertatis
792 3169 888 3256 depos,
916 3171 975 3236 oiri
997 3169 1097 3257 syloa,
1124 3170 1157 3234 in
1184 3193 1279 3259 moer

244 3293 385 3387 refiegere
397 3293 539 3376 solerent,
553 3303 632 3360 esset
646 3295 757 3360 esebo.
789 3293 867 3362 Post
878 3293 1011 3380 primam
1026 3263 1156 3360 demum
1169 3293 1281 3361 boram

244 3415 360 3497 noctis,
372 3427 405 3482 et
420 3415 565 3483 Romana
578 3413 661 3480 acies
675 3413 851 3501 respiravit,
867 3427 900 3480 et
914 3413 1056 3480 bostium
1081 3413 1194 3480 cessit.
1215 3413 1280 3480 'l’e-

245 3533 364 3602 lesinus
378 3539 504 3624 postest
518 3535 569 3604 die
585 3533 778 3602 semianimis
793 3545 934 3622 repertus
950 3545 1010 3615 est,
1025 3531 1154 3600 victoris
1178 3531 1280 3620 magis

245 3659 342 3745 quim
354 3659 521 3726 morientis
536 3663 661 3726 vultum
672 3661 842 3746 praelerens
856 3639 870 3722 ε’
889 3655 982 3744 cujus
995 3657 1172 3725 abscissum
1185 3665 1282 3746 caput

246 3773 319 3850 istri
331 3777 508 3866 gestarique
524 3779 606 3846 circa
619 3777 780 3846 Prasnestc
792 3777 882 3846 Sulla
890 3773 1000 3866 jussit.
1210 3767 1217 3784 ⁸
