2804 4524
523 305 761 374 mesanam.
985 287 987 294 ’
1113 321 1150 376 n

116 475 287 558 ridebitur,
303 479 499 559 transferam,
513 492 546 546 et
559 483 696 546 maxime
715 486 754 546 ab
774 481 823 562 iis,
842 503 921 568 quos
933 482 1030 548 modb
1046 484 1152 547 nomi-

116 609 205 688 navi,
220 611 293 672 cum
310 608 466 686 inciderit,
481 617 519 672 ut
532 608 565 672 id
589 614 659 694 apte
675 610 741 673 fieri
756 610 857 694 possit
870 634 880 690 ;
902 619 940 673 nt
954 611 992 674 ab
1009 603 1153 676 Homc'ro

114 732 258 811 Ennius,
274 731 424 794 Afranius
438 735 457 794 a
471 731 649 796 Menandro
666 733 757 796 solet.

161 861 234 925 Nec
256 863 340 940 verb,
357 870 392 924 ut
409 870 515 924 noster
536 861 689 940 Lucilius,
710 865 873 943 reeusab0,
889 864 952 947 qud
965 863 1069 927 minus
1085 885 1153 926 om·

116 1009 177 1053 nes
192 1009 262 1051 mea
276 987 394 1071 legant.
438 987 509 1071 Ego
525 1011 619 1072 quem
640 989 768 1052 timeam
784 993 949 1070 lectorem,
966 996 1038 1056 eum
1055 993 1093 1056 ad
1109 1004 1151 1072 te,

118 1136 162 1178 ne
179 1113 300 1178 Graecis
323 1113 450 1198 quidem
469 1115 633 1178 cedentem
649 1115 680 1178 in
699 1115 914 1202 philosophid,
930 1119 1060 1185 audeam
1075 1121 1152 1186 scri-

115 1249 217 1311 bere?
244 1247 434 1330 Quanquam
456 1249 473 1308 ὲ
495 1246 616 1332 teipso
641 1247 673 1310 id
699 1247 825 1332 quidem
851 1249 945 1330 facio,
965 1263 1151 1335 provocatus

119 1365 304 1450 gratissimo
316 1365 394 1428 mihi
405 1366 498 1446 libro,
511 1388 605 1450 quem
618 1367 657 1429 ad
673 1389 723 1430 me
736 1367 774 1430 de
790 1369 907 1432 Wrtute
920 1369 1044 1434 misisti.
1090 1369 1153 1434 Sed

117 1509 160 1550 ex
176 1509 215 1549 eo
230 1485 322 1550 eredo
338 1485 525 1570 quibusdam
542 1508 603 1547 usu
618 1485 736 1564 venire,
752 1496 788 1548 ut
804 1487 991 1551 abhorreant
1017 1493 1037 1552 a
1060 1488 1151 1552 Lati-

118 1607 183 1689 nis,
199 1609 284 1694 qubd
302 1608 468 1672 inciderint
484 1608 516 1670 in
533 1607 653 1672 inculta
669 1607 813 1693 quaedam
828 1619 860 1672 et
875 1609 1010 1688 horrida,
1030 1611 1069 1672 de
1084 1631 1151 1672 ma-

118 1732 160 1798 lis
175 1730 297 1796 Groecis
310 1731 424 1795 Latine
441 1730 555 1815 scripta
575 1730 722 1796 deterius.
767 1731 831 1796 Res
856 1733 929 1794 verb
947 1733 1058 1811 bonaS,
1084 1753 1152 1795 ver-

117 1851 169 1916 bis
190 1851 299 1918 electis
318 1851 452 1935 graviter
466 1857 638 1934 ornateque
654 1833 798 1931 dictales,
814 1852 884 1937 quis
900 1874 964 1915 non
979 1854 1075 1936 legat,
1091 1851 1152 1916 nisi

117 1973 174 2060 qui
190 1996 224 2038 se
237 1976 332 2058 plane
350 1975 499 2038 Graecum
516 1973 577 2037 dici
593 1974 693 2038 velit?

161 2095 235 2179 Ego
251 2105 355 2159 autem
372 2095 446 2160 satis
462 2095 566 2158 mirari
583 2118 646 2159 non
666 2118 759 2180 queo,
775 2097 859 2160 unde
880 2097 941 2161 hoe
957 2097 997 2162 sit
1007 2081 1076 2162 'tarn
1102 2099 1153 2164 in·

118 2221 226 2285 solens
241 2219 486 2284 domesticarum
501 2240 604 2282 rerum
621 2218 795 2283 fastidium.
841 2221 918 2283 Non
943 2199 998 2284 est
1017 2220 1151 2285 omnino

116 2344 173 2407 hle
188 2341 311 2406 dicendi
331 2343 441 2420 loeus;
466 2339 520 2402 sed
535 2339 579 2404 ita
590 2339 703 2419 sentio,
720 2352 751 2404 et
773 2362 856 2426 saepe
872 2340 1150 2422 disserui,—Lati-

118 2485 195 2529 nam
217 2465 357 2548 linguam
378 2485 443 2526 uon
467 2463 560 2526 modd
584 2485 648 2526 non
665 2462 805 2548 inopem,
826 2473 862 2526 ut
876 2465 972 2548 uulgo
994 2474 1152 2548 putarent,

119 2588 175 2654 sed
199 2587 440 2672 locupletiorem
465 2585 560 2649 etlam
584 2608 665 2665 esse,
692 2590 787 2672 quim
815 2586 971 2652 Graecam.
1016 2585 1152 2657 Quando

121 2707 209 2772 enim
235 2709 284 2770 vel
307 2708 398 2770 nobis
422 2705 537 2785 dicam,
561 2716 615 2768 aut
638 2705 812 2768 oratoribus
834 2704 937 2783 bonis,
960 2713 1015 2767 aut
1037 2704 1152 2788 poetis,

121 2834 232 2916 postea
248 2829 376 2914 quidem
392 2832 486 2913 quam
501 2827 562 2891 tuit
585 2848 678 2910 quem
702 2825 911 2905 imitarentur,
933 2826 1017 2890 ullus
1036 2824 1154 2890 oratio-

121 2951 172 3015 nis
188 2952 236 3014 vel
253 2950 390 3036 copiosae
404 2951 452 3012 vel
468 2947 621 3032 elegantis
636 2957 764 3010 omatus
780 2945 905 3010 deluit?

163 3072 236 3158 Ego
259 3076 345 3151 vero,
367 3075 438 3137 clm
457 3059 633 3136 forensibus
656 3068 773 3154 operis,
797 3067 968 3148 laboribus,
991 3069 1151 3155 periculis,

122 3217 189 3260 non
211 3196 388 3260 deseruisse
410 3195 488 3258 mihi
512 3194 617 3257 videor
639 3192 831 3278 praesidium,
855 3191 888 3255 in
910 3213 973 3278 quo
995 3196 1014 3256 a
1033 3197 1153 3278 populo

123 3315 271 3382 Romano
294 3316 415 3379 locatus
449 3335 542 3392 sum3
575 3313 674 3377 debeo
702 3313 853 3398 profecti),
877 3322 1156 3398 quantumcunque
1186 3289 1190 3298 Ι

120 3438 254 3526 possim,
267 3437 299 3501 in
316 3460 353 3500 eo
367 3459 492 3522 quoque
508 3437 658 3514 laborare,
672 3445 708 3498 ut
721 3433 785 3498 sint
799 3439 903 3520 opera,
916 3432 1031 3513 studio,
1047 3435 1152 3500 labore

122 3584 195 3626 meo
210 3560 366 3624 doctiores
379 3559 461 3624 cives
474 3558 534 3621 mci
547 3583 557 3637 3
582 3579 641 3621 nec
654 3577 727 3621 curn
743 3555 810 3622 istis
824 3566 986 3641 tantopere
999 3578 1152 3642 pugnare,

123 3682 178 3768 qui
190 3683 305 3747 Graeca
321 3683 424 3766 legere
439 3679 561 3758 malint,
580 3677 687 3762 (modo
703 3677 809 3760 legant
824 3677 878 3740 illa
892 3675 969 3760 ipsa,
980 3697 1038 3744 nee
1053 3677 1152 3742 simu.

124 3805 192 3868 lent
202 3803 224 3885 ι)
244 3813 276 3868 et
292 3802 330 3866 iis
353 3801 477 3881 servire,
492 3799 547 3885 qui
562 3801 610 3862 vel
628 3798 766 3884 utrisque
782 3797 879 3862 literis
900 3797 948 3861 uti
963 3799 1073 3890 velint,
1092 3799 1155 3887 vel,

126 3925 152 3993 si
167 3945 241 3992 suas
256 3926 384 4003 habent,
401 3923 468 3989 illas
485 3945 548 3989 non
565 3943 755 4008 magnopere
771 3919 957 3993 desiderent,

610 4043 681 4114 Ha
