2756 4484
394 185 398 206 ·
439 163 495 250 ‘m
517 181 755 250 etcanonn.
1056 191 1117 266 ³7¹
1203 155 1212 166 '

79 357 186 424 celem
199 353 466 442 Xenophontium
480 355 571 424 illum
585 359 604 424 l
619 357 806 442 voluptate3
829 377 867 422 es
880 355 908 422 si
921 378 972 424 me
987 359 1116 426 tibive-
1235 435 1239 444 ¹

79 479 263 546 hementius
288 473 535 562 commendabit,
559 501 600 546 ns
614 501 779 567 aspernere
790 503 801 560 ;
823 480 985 568 amorique
1008 493 1118 550 nostro

75 604 261 690 plusculum
278 603 385 684 etiam,
400 605 496 690 quim
511 604 665 671 concedet
680 603 804 684 veritas,
818 603 959 690 largiare.

121 721 218 794 Quod
232 723 265 787 'si
289 733 320 787 te
335 721 542 814 adducemus,
568 733 603 788 ut
628 723 691 790 hoc
714 724 879 810 suscipias,
902 724 971 806 erit,
986 723 1116 790 etmihi

75 843 266 932 persuadeo,
282 844 427 908 materies
441 843 538 930 digna
551 843 701 908 facultate
716 853 748 908 et
762 843 853 932 copia
873 849 939 910 tuti.
982 847 1013 910 A
1027 843 1115 932 prin·

75 965 164 1054 cipio
179 966 264 1030 errim
279 963 505 1055 conjurationis
521 988 621 1052 usque
643 963 683 1030 ad
704 967 840 1032 reditum
859 978 1002 1032 nostrum
1024 967 1113 1032 ride-

74 1101 132 1156 tur
158 1087 238 1154 mihi
273 1087 434 1152 modicum
468 1085 627 1174 quoddam
654 1109 767 1176 corpus
795 1089 907 1154 confici
933 1111 1048 1176 posse:
1083 1089 1116 1156 in

72 1235 139 1302 quo
164 1223 196 1276 et
218 1210 273 1274 illa
298 1209 417 1298 poteris
438 1209 486 1276 uti
502 1209 644 1276 civilium
659 1212 947 1277 commutationum
963 1212 1108 1294 scientie,

77 1333 129 1395 vel
144 1331 177 1396 in
199 1329 394 1418 explicandis
418 1329 521 1394 causis
542 1351 647 1394 rerum
672 1353 835 1412 novarum,
856 1333 905 1396 vel
921 1334 954 1398 in
970 1333 1114 1398 remediis

74 1454 350 1520 incommodorum
362 1477 372 1533 3
396 1455 470 1518 edm
485 1464 517 1518 et
531 1453 740 1539 reprehendes
753 1475 801 1537 ea,
821 1477 892 1540 quae
906 1455 1111 1540 vituperanda
1130 1535 1133 1543 Ι

75 1547 190 1659 duces,
206 1587 239 1640 et
258 1598 330 1662 quae
354 1577 540 1662 placebunt,
555 1575 752 1662 exponendis
768 1575 941 1643 rationibus
962 1597 1110 1662 compro·

71 1701 184 1781 bebis;
207 1711 239 1766 et
255 1699 282 1764 si
298 1699 440 1782 liberius,
457 1711 492 1764 ut
506 1700 677 1780 consuesti,
693 1699 851 1786 agendum
865 1699 1003 1785 putabis,
1024 1701 1108 1766 mul·

74 1835 183 1890 torum
212 1823 245 1888 in
274 1845 332 1888 nos
360 1823 534 1909 perfidiam,
564 1821 706 1904 insidias,
734 1822 945 1910 proditionem
972 1823 1110 1890 notabis.

74 1947 215 2026 Multam
238 1947 334 2012 etiam
357 1967 448 2012 casus
472 1946 570 2012 nostri
593 1945 652 2012 tibi
675 1946 856 2012 varietatem
884 1946 917 2012 in
943 1945 1109 2017 scribendo

73 2070 335 2160 suppeditabunt,
366 2071 494 2158 plenam
517 2069 683 2158 eujusdam
707 2071 889 2158 voluptatis,
912 2093 985 2158 quae
1012 2072 1110 2137 vehe-

76 2203 202 2262 menter
225 2193 347 2260 animos
372 2191 540 2260 hominum
565 2193 598 2258 in
621 2193 767 2280 legendo,
789 2205 821 2258 te
847 2195 1009 2282 scriptore,
1035 2195 1111 2261 reti·

72 2339 148 2384 nere
162 2317 275 2406 possit.
319 2315 412 2378 Nihil
427 2325 477 2380 est
491 2315 577 2382 enim
599 2316 701 2400 aptius
724 2316 764 2380 ad
785 2315 1029 2384 delectationem
1044 2321 1110 2386 lee-

69 2436 161 2516 toris,
185 2437 281 2520 quim
304 2425 481 2518 temporum
504 2432 682 2510 uarietates,
706 2435 904 2518 fortunisque
919 2436 1110 2502 vicissitudi-

70 2581 155 2626 nes:
179 2577 251 2642 quae
266 2553 326 2619 etsi
341 2553 433 2620 nobis
455 2553 610 2640 optabiles
626 2553 659 2618 in
674 2553 865 2640 experiendo
881 2577 946 2620 non
968 2559 1108 2642 fuerunt,

71 2683 108 2749 in
123 2678 260 2766 legendo
276 2687 383 2744 tamen
398 2685 492 2741 erunt
510 2673 675 2762 jucundae.
721 2675 829 2740 Habet
852 2677 940 2742 enim
957 2681 1109 2765 praeteriti

70 2803 191 2870 doloris
230 2823 341 2866 secura
369 2797 543 2864 recordatio
572 2797 825 2864 delectationem.
851 2800 1001 2872 ‚Crateris
1038 2807 1113 2872 γετὸ

68 2930 161 2994 nulla
187 2924 362 3012 perfunctis
397 2924 524 3009 propria
552 2922 710 3002 molestia,
734 2943 824 2987 casus
853 2935 960 2990 autern
987 2925 1108 2994 alienos

77 3029 150 3115 silue
163 3049 229 3114 ullo
251 3047 358 3112 dolore
380 3045 589 3126 intuentibus,
612 3044 707 3110 etiarn
733 3044 801 3132 ipsa
829 3047 1040 3114 misericordia
1062 3064 1111 3120 est

67 3170 224 3260 jucunda.
268 3169 373 3240 Quem
389 3168 475 3232 enim
497 3171 639 3232 nostrum
663 3166 716 3232 ille
746 3167 882 3234 moriens
906 3172 989 3254 apud
1010 3171 1107 3238 Man·

74 3295 195 3364 tineam
208 3280 446 3378 Epaminondas
466 3310 614 3354 noncum
626 3289 759 3374 quddam
781 3291 981 3358 miseratione
1001 3295 1114 3360 delec-·

76 3412 147 3479 tat?
172 3413 312 3499 quitum
339 3409 475 3498 denique
504 3409 564 3474 sibi
586 3411 677 3474 avelli
694 3409 788 3498 jubet
809 3413 979 3500 spiculum,
1001 3427 1113 3503 postea

78 3539 176 3624 quim
191 3533 220 3599 ei
232 3533 435 3624 percontanti
459 3533 579 3598 dietum
596 3542 655 3614 est,
670 3536 816 3621 clypeum
832 3557 900 3600 esse
915 3539 1058 3606 salvum:
1076 3553 1113 3608 ut

79 3656 174 3725 etiarn
196 3659 230 3723 in
250 3657 387 3724 vulneris
409 3657 516 3722 dolore
537 3678 629 3744 aequo
650 3657 757 3724 animo
777 3679 851 3724 cum
865 3651 958 3726 laude
976 3685 1115 3730 morere·

78 3793 142 3849 tur.
188 3779 288 3869 Cujus
307 3781 447 3850 studium
471 3780 504 3847 in
525 3779 661 3866 legendo
683 3803 748 3848 non
772 3792 912 3852 erectum
927 3785 1110 3870 Themisto-

551 3899 659 3966 ³132-
773 3905 778 3914 '
