2724 4494
234 177 238 196 .
314 234 317 243 ’
434 219 726 306 sorunculi&
1041 235 1102 300 ser

321 657 364 773 r.
387 703 605 784 surmus
625 702 859 780 pannem.

110 869 197 937 Tum
205 873 541 962 senatuspopulusque
552 872 715 938 Romanus
724 871 761 936 L.
770 867 937 936 AEmilium
948 865 1105 948 Paullum,

67 993 128 1080 qui
152 1001 185 1060 et
199 984 318 1060 Precor
340 1005 373 1088 et
389 995 508 1062 Consul
532 995 793 1082 triumphaverat,
808 995 910 1088 virum
931 995 964 1058 in
978 1003 1104 1058 tantum

70 1116 278 1204 laudandum,
292 1117 327 1182 in
341 1128 498 1204 quantum
519 1117 657 1205 intelligi
679 1119 779 1185 virtus
802 1128 919 1204 potest,
935 1117 1108 1191 Consulem
1156 1117 1159 1124 '

71 1239 191 1306 creavit
208 1240 309 1308 filium
319 1240 387 1328 ejus
401 1239 515 1322 Paulli,
529 1242 583 1328 qui
598 1243 636 1308 sd
649 1228 774 1308 Cinnas
792 1245 889 1326 quom
902 1241 1109 1326 tergiuersan-

73 1373 124 1430 tcr
137 1362 346 1458 perniciosum
359 1363 543 1456 reipublicae
559 1385 700 1452 pugnum
720 1363 844 1444 inierat,
859 1374 925 1430 tum
939 1365 1062 1430 fortiter
1076 1363 1110 1428 iu

73 1490 114 1550 el
136 1463 271 1552 mortem
295 1488 428 1554 obierat.
472 1487 505 1554 ls
520 1487 646 1566 ,Persen
669 1486 794 1572 ingenti
815 1485 936 1572 perelio,
951 1488 1033 1572 opud
1057 1507 1111 1550 ur·
1205 1509 1207 1512 ·

75 1611 152 1674 bem
174 1609 303 1676 nomine
325 1609 478 1696 Pydnam,
499 1611 532 1674 in
554 1609 756 1691 Macedonis,
775 1611 882 1676 fusum
905 1610 1113 1694 iugulumque

74 1731 189 1796 castris
204 1731 308 1814 exuit3
331 1731 505 1820 deletisque
526 1732 595 1821 ejus
617 1734 728 1820 copiis,
744 1732 936 1804 destitutum
948 1731 1037 1798 omni
1052 1751 1109 1818 spe

76 1853 186 1940 coegit
198 1859 215 1920 ὲ
229 1855 431 1938 Macedonis,
446 1819 635 1942 profugeie:
658 1877 754 1944 quam
769 1857 823 1920 ille
838 1855 997 1942 linquens,
1012 1855 1046 1922 in
1061 1855 1110 1920 in-

77 1977 183 2040 sulam
199 1975 448 2042 Samothraciam
462 1979 620 2066 profugit,
636 1979 809 2066 templique
825 1999 858 2044 se
872 1977 1019 2064 religioni
1034 1999 1113 2064 sup-
1237 2003 1239 2008 ·

77 2101 196 2198 plieem
211 2100 354 2168 eredidit.
397 2101 449 2166 Ad
471 2123 544 2168 eum
560 2101 619 2168 Cn.
636 2102 789 2168 Octavius
809 2112 937 2190 pretor,
951 2101 1007 2188 qui
1022 2101 1115 2168 classi

77 2233 224 2317 praeeret,
238 2225 382 2312 pervenit
391 2250 401 2306 3
425 2237 458 2292 et
472 2225 594 2292 ratione
619 2226 719 2312 magis
742 2231 838 2312 quim
852 2226 884 2290 vi
899 2226 1064 2313 persuasit,
1080 2235 1117 2290 ut
1220 2297 1221 2302 γ

77 2375 114 2420 se
136 2343 354 2418 Romanomm
372 2351 445 2416 fidei
460 2353 684 2418 committeret.
728 2353 778 2418 lte
794 2351 922 2418 Paullus
941 2349 1117 2419 maximum

80 2478 379 2566 nobilissimumque
393 2499 499 2564 regem
515 2479 548 2542 in
570 2480 732 2566 triumpho
753 2479 856 2547 duxit.
898 2477 975 2550 Quo
987 2499 1073 2544 anno
1086 2489 1121 2542 et

82 2601 212 2666 Octsvii
229 2601 372 2688 praetoris
385 2601 515 2682 navalis,
532 2611 564 2666 et
575 2601 693 2678 Anicii
708 2621 815 2686 regem
834 2601 1013 2684 lllyriorum
1035 2621 1117 2686 gen·

84 2725 169 2790 tium
180 2734 254 2790 ente
266 2745 395 2790 currum
407 2721 542 2806 egentis,
552 2721 709 2808 triumphi
722 2723 809 2788 fuere
823 2723 974 2786 celebres.
1010 2721 1118 2792 Quum

83 2847 129 2916 sit
144 2845 269 2912 assidua
280 2843 449 2910 eminentis
466 2845 599 2908 lortunse
622 2863 730 2908 comes
744 2840 881 2924 invidio,
896 2841 1123 2930 altissimisque

86 2972 257 3050 adhereat,
285 2969 380 3035 etium
407 2969 469 3032 hoc
497 2967 607 3052 colligi
632 2976 756 3052 potest;
792 2969 889 3052 quod,
916 2971 990 3036 cum
1017 2967 1122 3034 Anicii

85 3094 277 3178 Octaviique
290 3091 485 3178 triumphum
499 3111 591 3154 nemo
604 3090 828 3175 interpelleret,
840 3091 939 3170 luere,
949 3091 1006 3176 qui
1019 3091 1123 3156 Paulli

86 3215 241 3302 impedire
256 3212 491 3280 obniterentur:
513 3209 605 3298 eujus
627 3219 753 3275 tentum
773 3211 891 3297 priores
912 3211 1057 3291 excessit,
1073 3213 1124 3275 vel

88 3339 311 3424 ntognitudine
336 3337 420 3421 regis
448 3334 565 3416 Persei,
588 3337 638 3399 vel
669 3335 773 3418 specie
798 3335 1049 3414 simulacrorum,
1075 3337 1128 3412 sel

88 3463 189 3531 modo
204 3460 362 3548 pecunias,
377 3457 474 3526 uthis
490 3455 603 3522 millies
627 3456 747 3522 centies
769 3453 840 3522 HS.
856 3457 965 3522 serario
979 3460 1126 3522 contule-

88 3587 146 3672 rit,
161 3597 195 3652 et
209 3584 351 3652 omnium
373 3587 445 3650 ante
468 3593 610 3648 actorum
631 3579 898 3666 comparationem
920 3580 1128 3666 amplitudine
1169 3554 1183 3641 ,ζ

90 3711 216 3778 uicerit.
