2738 4502
471 255 524 320 Ea
546 251 678 320 LIVIO.
865 319 866 324 ,
1023 259 1093 336 ¹,235

51 432 192 510 artibus,
222 427 618 510 semissemiuncia
647 437 697 506 est
720 429 817 514 prope
844 423 1088 494 circumventus.

53 557 185 640 niagno
208 563 287 624 natu
315 551 475 640 principes
497 551 699 620 castellorum
724 561 862 616 oratores
887 547 927 614 sd
952 547 1091 618 Poenum

50 677 215 744 veniunt:
237 675 346 742 alienis
359 674 460 755 maiis,
482 673 552 740 utili
571 671 709 758 scampis
730 673 845 754 doctos,
867 683 1091 755 memorantes,

49 799 225 874 amicitiam
246 795 351 880 maiis,
364 798 458 884 quan
469 797 532 864 van
546 796 677 882 eaperin
692 777 879 862 Punctum!
901 795 1005 890 inque
1016 798 1089 860 obe·

49 926 176 990 clienter
189 922 339 1004 imperata
351 917 498 1004 facturas
505 942 521 996 ς
544 927 743 986 cammenata
756 917 929 1006 umerique
941 918 1045 1002 duces,
1059 927 1091 984 et

48 1041 726 1128 ndfidanpromissnmmabsidecacciperst.
747 1038 887 1106 Annibal
898 1043 1088 1108 nec-temeri

51 1165 228 1246 credendo,
243 1185 304 1230 nec
318 1165 528 1252 aspernando,
543 1185 583 1228 ne
598 1160 752 1250 repudiati
771 1168 878 1250 aperte
901 1162 1009 1230 hostes
1030 1162 1089 1230 iie-

50 1299 141 1368 rent,
163 1286 300 1372 benigni
323 1306 421 1372 quum
442 1283 677 1371 respondisset3
701 1282 863 1358 obsidibus
877 1301 956 1370 quos
970 1281 1089 1352 debant

52 1409 210 1496 acceptis,-
222 1419 254 1474 et
264 1417 456 1490 commeatu,
467 1425 564 1496 quem
575 1405 610 1470 in
621 1403 704 1470 viem
717 1403 1086 1492 undecentesimum

51 1537 270 1622 nequaqum,
293 1541 330 1596 ut
352 1531 598 1618 interpunctas,
620 1526 831 1616 incomposita
850 1528 977 1614 Qmine
990 1528 1089 1596 duces

52 1677 167 1726 eorum
201 1655 356 1746 sequitur.
401 1651 544 1721 Primum
573 1669 689 1738 agmen
714 1649 877 1740 eiepbsnti
903 1661 936 1718 et
966 1625 1089 1740 equites

53 1793 169 1862 erant3
193 1780 260 1868 ipse
274 1780 347 1866 pdst
362 1799 437 1846 cum
450 1779 563 1846 babone
576 1777 730 1867 peditum,
742 1777 1010 1868 circumspectans
1022 1781 1088 1846 soi·
1169 1809 1172 1822 ·

52 1883 226 1991 licitusque
241 1893 361 1984 amsii,
377 1901 552 1973 incedebat.
589 1899 656 1970 Ubi
670 1901 704 1968 in
718 1903 935 1992 angustiorem
949 1903 1088 1975 viamen

53 1999 146 2119 parte
162 2027 259 2094 alteri
274 2023 451 2114 subjectam
460 2023 543 2116 jugo
558 2023 686 2116 insuper
697 2025 1015 2096 imminentiaentum
1028 2040 1088 2114 est,

53 2153 199 2239 undique
213 2171 254 2217 es
265 2148 387 2216 insidiis
402 2147 525 2220 barbari
538 2151 557 2214 i
571 2149 677 2218 inante
697 2157 730 2216 et
744 2149 785 2216 sb
799 2129 1016 2238 megacosmi,
1032 2173 1087 2220 co·

54 2257 163 2343 minias
178 2273 304 2340 eminus
317 2283 451 2361 petunt:
474 2291 552 2338 saxa
563 2271 707 2358 ingentis
721 2271 755 2340 in
767 2293 881 2360 agmen
893 2273 1087 2350 devolvunte

55 2404 195 2470 maxima
208 2405 249 2472 ab
263 2413 354 2488 tergo
367 2401 414 2468 nis
430 2401 598 2468 hominum
613 2403 760 2488 urgebat.
801 2401 841 2470 in
854 2423 910 2470 eos
923 2425 1013 2472 versu
1027 2427 1085 2493 pe-

55 2529 158 2594 ditum
172 2526 255 2594 scies
267 2525 351 2592 haud
364 2523 498 2590 dubium
512 2523 601 2604 iecit,
616 2523 706 2610 quin,
721 2523 783 2592 uisi
801 2525 924 2592 firmata
944 2537 1086 2596 extrem

50 2649 190 2736 agminis
204 2649 349 2729 inissent,
364 2647 477 2733 ingens
492 2645 526 2711 in
542 2667 581 2710 eo
595 2647 679 2712 snitu
693 2647 876 2734 accipienda
889 2649 994 2714 clades
1009 2653 1081 2716 iue-

57 2775 110 2841 rit.
146 2775 242 2840 Tunc
261 2795 388 2860 quoque
410 2771 449 2836 ad
470 2755 647 2838 extremum
668 2771 811 2858 periculi,
833 2795 870 2840 nc
891 2782 990 2864 prope
1011 2795 1086 2864 per.

56 2899 175 2964 niciem
190 2907 320 2964 ventum
344 2910 391 2960 est
405 2923 412 2961 s
437 2915 510 2962 nam
537 2895 613 2961 dum
628 2905 797 2964 cunctatus
810 2897 948 2966 Annibal
968 2923 1086 2988 agmen

55 3019 267 3088 demitterein
278 3017 439 3104 angustias
446 3042 457 3099 3
473 3018 547 3106 quia
557 3041 632 3100 non,
642 3029 677 3084 ut
691 3019 757 3106 ipse
768 3019 927 3106 equitibus
936 3017 1085 3110 prasidio

53 3156 135 3228 erat,
160 3143 205 3210 ita
226 3143 384 3232 peditibus
398 3141 567 3230 quicquam
590 3144 629 3206 ab
646 3153 735 3226 tergo
757 3142 867 3208 auxilii
893 3145 1081 3232 reliqueram

52 3275 259 3333 occursantes
273 3283 331 3352 per
343 3262 474 3349 nbiiqua
488 3262 641 3344 montani,
662 3273 812 3350 perrupto
825 3264 930 3330 medio
944 3265 1082 3351 agmine,

51 3389 137 3456 viam
153 3389 317 3456 insedere:
340 3409 466 3476 nosque
487 3409 551 3454 una
564 3380 713 3456 Annibali
728 3387 797 3456 sine
812 3387 971 3476 equitibus
986 3397 1081 3476 atque

54 3509 296 3598 impedimentis
308 3521 378 3578 teta
391 3519 449 3575 nst.

77 3723 79 3728 Δ
100 3631 232 3698 Postero
246 3631 308 3710 die,
316 3629 385 3720 jam
399 3629 527 3718 segnius
538 3629 819 3696 intercursantibus
831 3631 979 3714 barbaris,
987 3631 1084 3720 junc-

53 3766 98 3820 tce
110 3753 226 3842 eopia,
238 3757 397 3840 scitusque
412 3751 495 3820 hand
509 3751 578 3818 sine
590 3751 677 3818 clade
693 3749 822 3838 (majore
839 3763 943 3816 tamen
952 3750 1084 3839 jumen-

53 3897 159 3944 ssrnm
178 3879 273 3963 quim
290 3875 457 3942 hominum
472 3869 623 3962 pennicis)
642 3883 815 3959 superatus.
846 3873 925 3942 Inde
940 3875 1084 3942 messiani

519 3992 628 4060 itha
