2804 4524
257 309 298 370 tt
614 297 668 362 En
689 295 739 360 M.
759 290 925 374 sumtu

294 469 380 538 Turn
408 489 479 556 ego,
502 469 598 546 Sunt,
626 467 767 556 inquom,
788 469 860 550 ists,
880 469 990 534 Varro.
1033 469 1118 534 Nam
1150 489 1220 549 nos,
1243 467 1278 546 in

257 594 365 656 nostrt
379 591 458 654 urhe
479 588 714 677 peregrinantes
738 601 951 688 errantesque,
967 599 1116 680 tunquam
1131 586 1287 673 hospites,

257 711 305 780 tui
319 712 391 780 libri
406 711 495 798 qussi
510 713 639 778 ‹lomum
652 711 863 794 deduxerunt,
876 723 910 777 ut
925 733 1090 799 possemus
1105 711 1287 796 aliquando,

255 837 321 924 qui,
331 849 363 902 et
377 835 432 900 uhi
447 855 597 914 essemus,
609 855 790 919 agnoscere.
832 835 885 900 Tu
900 845 1027 916 aetatem
1038 835 1160 922 patrie,
1176 833 1285 898 tude-
1384 853 1385 868 ³

256 958 442 1044 scriptiones
458 967 647 1042 temporum,
662 965 698 1022 tu
724 975 882 1036 sacrorum
902 953 986 1040 jure,
1004 964 1041 1020 tu
1064 955 1285 1032 sacerdotum

257 1089 294 1144 tu
316 1048 531 1158 domesticam,
553 1087 589 1146 tu
611 1077 757 1148 bellicam
780 1076 990 1162 disciplinam,
1013 1087 1050 1140 tu
1071 1075 1177 1140 sedern
1198 1075 1287 1160 regi·-

255 1216 354 1274 ooum
377 1209 409 1263 et
436 1201 592 1278 locorum,
613 1207 649 1263 tu
679 1197 822 1268 omnium
855 1196 1032 1262 divinarum
1055 1197 1285 1270 humanarum·

258 1337 319 1405 que
334 1337 439 1388 rerum
462 1319 602 1400 nomina,
617 1341 744 1406 genera,
759 1317 871 1401 officia,
887 1339 997 1402 causas
1018 1316 1187 1404 aperuistis
1209 1319 1289 1404 plu-

253 1441 430 1530 rimumque
450 1444 555 1540 poetis
575 1442 701 1524 nostris,
717 1443 911 1530 omninoque
924 1441 1047 1559 [effluis
1069 1451 1102 1505 et
1116 1440 1214 1505 literis
1229 1443 1287 1504 lu·
1385 1441 1386 1458 ¹

260 1563 356 1629 minis
376 1565 522 1645 attulisti,
544 1575 575 1629 et
596 1563 718 1630 verbis:
747 1575 840 1649 atque
861 1563 928 1650 ipse
955 1561 1085 1643 varium,
1107 1571 1140 1626 et
1160 1563 1290 1645 elegans

260 1687 349 1770 omni
365 1689 429 1753 lere
445 1709 588 1766 numero,
603 1697 719 1772 poema
733 1685 850 1766 lecistis
867 1685 1163 1772 philosophiamque
1178 1657 1289 1748 multis

256 1807 334 1876 rose
356 1807 524 1887 nesano,
544 1807 583 1873 su
605 1783 834 1892 imperiturum
856 1806 942 1898 sess,
963 1805 1002 1870 ao
1021 1805 1202 1872 docendum
1224 1827 1286 1892 pa..
1386 1863 1387 1882 ,

256 1951 339 1998 rum.

300 2049 374 2138 Ego
387 2061 493 2134 sutem
519 2049 633 2136 (dicam
647 2050 744 2134 enirn,
759 2063 796 2116 ut
818 2073 868 2118 res
890 2051 965 2134 est)
982 2051 1058 2118 dum
1074 2073 1125 2124 me
1140 2053 1286 2138 ambitio,

253 2173 330 2258 pum
352 2173 499 2262 honores,
521 2175 598 2260 dum
628 2191 745 2256 cause,
767 2175 843 2260 dum
874 2175 1057 2263 reipublice
1086 2197 1152 2260 non
1174 2180 1280 2254 solum

260 2315 345 2378 eura,
360 2297 415 2364 sed
429 2297 573 2383 quosdam
596 2297 692 2364 etiarn
714 2295 895 2384 procuratio
918 2297 1029 2370 multis
1050 2297 1315 2386 officiisimp112·

259 2430 366 2486 catum
381 2432 413 2488 et
436 2421 641 2486 consuictum
668 2423 808 2507 tenshst,
824 2419 893 2488 hrec
914 2421 1038 2502 inclusa
1057 2422 1231 2504 habebam,
1254 2435 1290 2492 es

260 2563 301 2630 pe
314 2547 557 2626 obsolescerent,
572 2544 772 2626 renovabam,
788 2548 861 2626 curn
877 2543 1004 2628 licebat,
1020 2547 1165 2632 legendo.
1187 2547 1289 2616 Nunc

262 2667 336 2731 vero
357 2675 391 2745 et
412 2667 550 2732 fortunae
572 2665 755 2752 gravmimo
776 2685 943 2752 percussus
965 2667 1105 2748 vulnere,
1128 2677 1160 2732 et
1183 2666 1288 2742 aderti-¹

261 2791 445 2858 nistratione
459 2791 643 2878 reipublice
667 2792 827 2876 liberatus,
842 2791 959 2870 doloris
973 2789 1160 2876 medicinam
1177 2795 1196 2858 t
1211 2791 1287 2880 phi-

259 2913 404 3000 losophis
424 2926 510 3002 peto,
532 2927 564 3000 et
586 2914 641 2981 otii
663 2915 905 2986 oblectationem
928 2915 1009 2979 hanc
1032 2914 1286 2995 honestissimam

257 3031 378 3122 judico.
421 3039 488 3106 Aut
509 3037 593 3122 onim
623 3037 698 3106 huic
726 3036 811 3109 emti
842 3037 902 3102 hoo
924 3037 1061 3102 maxime
1084 3049 1192 3124 aptum
1215 3049 1264 3114 est
1272 3061 1284 3122 ς

263 3166 318 3236 eut
331 3155 369 3222 iis
383 3159 488 3239 rebus,
504 3160 529 3222 si
545 3179 620 3245 quse
635 3159 747 3244 dignas
761 3157 853 3224 leude
866 3159 1032 3246 gessimus,
1046 3161 1107 3238 hoe
1127 3162 1160 3226 in
1175 3161 1285 3246 primis

263 3287 532 3368 pumentsneumr
562 3289 616 3346 eut
644 3277 738 3344 etiam
766 3279 805 3354 sd
831 3289 955 3344 nostros
986 3279 1069 3346 cives
1100 3281 1287 3358 erudiendos

265 3403 345 3488 nihil
359 3401 485 3485 utilluse
509 3412 575 3484 aut,
590 3403 616 3488 si
638 3403 708 3484 haee
730 3401 773 3468 ita
794 3420 859 3470 nou
881 3414 968 3490 sunt,
989 3403 1069 3490 nihil
1083 3403 1170 3494 aliud
1184 3403 1286 3492 rideo,

265 3526 455 3618 quodagere
470 3523 639 3616 possimus,
963 3495 967 3505 ,
1282 3491 1287 3508 ’
