2750 4510
478 277 715 346 CICERONE.
1062 279 1121 352 137

136 447 204 516 tlte
228 451 299 516 edm
324 445 528 516 exclamdsset
551 453 681 530 Laelius,
702 447 989 534 ingemuissentque
1013 447 1118 514 caeteri

92 572 323 652 vehementius,
353 572 466 638 leuiter
488 572 624 636 arridens
645 571 762 657 Scipio,
791 575 815 610 ‘⁶
827 571 981 650 Quoeso,”
1007 569 1121 656 iuquit,

92 699 118 734 “
135 717 175 758 ne
190 717 241 758 me
254 697 273 757 d
288 717 400 758 somno
414 694 568 774 excitetis,
584 704 616 758 et
627 715 793 780 parumper
807 693 911 757 audite
927 691 1075 756 caetera.'’

134 819 158 852 “
171 815 236 879 Sed
250 817 313 900 qud
323 815 376 894 sis,
389 815 550 894 Africano,
563 813 691 880 alacrior
706 814 744 877 ad
760 813 926 878 tutandum
942 809 1116 896 rempubli-

88 941 112 976 “
128 957 211 1016 cam,
235 937 281 1000 sie
307 937 441 1016 habeto;
473 937 631 1016 omuibus,
654 936 708 1020 qui
738 935 870 1019 patrium
892 931 1119 1014 consewdrint,

89 1063 114 1096 “
130 1055 316 1144 adjuverint,
333 1055 486 1138 auxerint,
501 1068 621 1123 certum
636 1081 703 1122 esse
725 1058 758 1122 iu
782 1061 865 1122 coelo
885 1057 1050 1121 delinitum
1067 1057 1115 1124 lo-

88 1186 114 1219 “
128 1203 214 1259 cum,
230 1182 285 1244 ubi
301 1181 383 1246 beati
402 1204 469 1245 aevo
484 1183 673 1266 sempiterno
688 1183 839 1244 fruantur.
862 1181 893 1244 N
897 1179 953 1244 ilril
967 1190 1016 1244 est
1031 1179 1116 1244 enim

89 1307 115 1340 “
127 1302 175 1365 illi
191 1301 326 1387 principi
341 1303 423 1382 Deo,
439 1303 493 1387 qui
509 1321 635 1365 omnem
653 1303 740 1366 huuc
755 1302 908 1364 mundum
923 1304 1013 1387 regit,
1032 1303 1117 1388 quod

88 1425 258 1509 “quidem
274 1425 306 1488 iu
322 1425 410 1488 terris
424 1425 490 1504 liat,
507 1423 675 1508 acceptius,
692 1430 785 1510 quim
801 1425 935 1488 coucilia
952 1435 1117 1510 coetusque

84 1549 110 1582 “
125 1543 291 1608 homiuum
302 1541 374 1628 jure
389 1543 510 1621 sociati,
521 1565 592 1627 quae
605 1543 744 1606 civitates
757 1543 975 1626 appellantur:
1000 1544 1111 1608 harum

89 1667 117 1702 ‘⁶
133 1675 269 1727 rectores
279 1673 310 1726 ot
321 1671 554 1726 conservatores
568 1662 642 1725 lriue
655 1660 797 1746 profecti,
807 1661 868 1724 huc
881 1662 1114 1726 revertuntur.'¹

56 1859 58 1864 ,
134 1781 203 1846 ch
228 1804 298 1864 ego,
322 1781 380 1846 etsi
396 1801 478 1845 eram
501 1781 693 1866 perterritum
714 1805 777 1846 uon
797 1793 861 1846 tam
876 1791 963 1846 metu
990 1781 1112 1863 mortis,

88 1907 186 1992 qudm
209 1903 389 1975 insidiarum
412 1907 431 1967 d
453 1903 542 1982 mois,
572 1901 701 1987 quaesivi
724 1913 840 1982 tamen,
866 1903 1022 1970 viveretne
1048 1905 1115 1989 ipse

86 2037 178 2114 pater
203 2025 344 2104 Paullus,
367 2037 399 2090 et
422 2025 487 2106 alii,
509 2047 588 2111 quos
610 2047 668 2090 nos
691 2027 862 2090 exstinctos
885 2027 1114 2096 arbitraremur.

87 2153 114 2188 “
127 2149 198 2214 lmd
212 2149 319 2229 vcrd,'’
336 2147 449 2232 iuquit,
464 2152 486 2186 “
502 2149 525 2210 ii
537 2148 657 2226 vivunt,
670 2147 724 2232 qui
740 2169 779 2211 ex
788 2169 954 2234 corporum
966 2149 1113 2231 vinculis,

85 2275 112 2310 “
125 2281 276 2354 tanquam
296 2273 313 2332 ὲ
334 2291 467 2350 carcere,
489 2271 706 2334 evolaverunt:
729 2281 830 2334 vestra
857 2273 941 2350 vero,
968 2291 1039 2357 quee
1063 2271 1114 2336 di·

85 2386 210 2454 “citur
234 2389 309 2468 vita,
335 2409 418 2452 mors
441 2396 501 2452 est.
544 2385 630 2458 Quin
645 2365 680 2451 tu
694 2387 825 2471 aspicias
840 2388 879 2452 ad
893 2400 925 2454 te
940 2391 1117 2457 venientem

84 2517 111 2554 “
126 2513 273 2578 Paullum
282 2513 438 2598 patrem.''
470 2511 576 2581 Quem
590 2521 626 2575 ut
640 2509 714 2591 vidi,
726 2511 870 2595 equidem
885 2512 948 2576 vim
963 2515 1114 2597 laeryma-

82 2657 157 2702 rum
172 2634 309 2720 profudi.
337 2633 396 2698 llle
411 2645 517 2698 autem
532 2655 583 2696 me
598 2621 759 2716 amplexus
775 2645 868 2720 atque
882 2637 1027 2698 osculans
1039 2637 1112 2700 flere

77 2759 286 2850 prohibebat.
404 2799 408 2806 ·

127 2883 236 2967 Atque
251 2901 322 2965 ego,
338 2891 374 2945 ut
388 2881 524 2967 primum
545 2883 623 2946 fletu
644 2901 784 2966 represso
803 2880 887 2966 loqui
903 2903 996 2966 posse
1013 2881 1108 2968 coepi,

82 3011 108 3044 “
118 3006 276 3085 Quaeso,’'
290 3004 428 3088 iuquam,
442 3009 465 3042 “
471 3014 559 3088 pater
570 3003 762 3072 sanctissime
770 3011 863 3089 atque
872 3003 1002 3090 optime,
1010 3027 1112 3092 quau·

81 3128 160 3192 “do
173 3129 242 3191 heo
256 3137 305 3190 est
319 3126 382 3190 vita
395 3127 633 3210 (utAfricanum
647 3125 738 3190 audio
752 3125 865 3204 dicere)
885 3127 959 3212 quid
969 3129 1113 3194 mororin

79 3253 104 3286 “
117 3245 219 3326 terris,
235 3246 312 3332 quin
325 3246 389 3342 huc
405 3245 512 3310 advos
528 3247 631 3311 venire
645 3268 778 3330 propero
790 3249 826 3312 ?'’
850 3249 957 3313 “Nou
973 3260 1019 3314 est
1034 3249 1114 3330 ita,''

81 3369 191 3454 inquit
221 3367 285 3431 ille.
336 3361 444 3432 “Nisi
474 3367 557 3432 enirn
583 3369 672 3433 Deus
699 3369 737 3447 is,
763 3367 853 3462 eujus
875 3371 935 3434 hoo
961 3375 1115 3457 templum

77 3501 131 3556 est
146 3509 253 3570 omne,
269 3489 354 3574 quod
369 3489 533 3576 conspicis,
548 3489 616 3554 istis
632 3500 663 3554 te
683 3491 819 3575 corporis
834 3491 983 3556 custodiis
997 3493 1111 3558 libera-

76 3619 173 3700 verit,
188 3617 253 3682 huc
268 3617 325 3684 tibi
348 3619 449 3682 aditus
471 3627 577 3705 palere
599 3641 663 3682 nou
685 3629 800 3704 potest.
848 3619 1003 3685 Homines
1026 3622 1112 3691 euim

78 3753 161 3808 sunt
175 3741 236 3806 hdo
251 3743 323 3825 lege
339 3740 488 3826 generati,
505 3740 558 3826 qui
572 3749 733 3804 tuerentur
748 3739 837 3806 illum
851 3744 996 3825 globum,
1015 3767 1111 3830 quem

79 3869 115 3934 in
141 3869 204 3933 hoc
221 3871 341 3955 templo
356 3870 494 3934 medium
509 3869 605 3948 vides,
621 3891 693 3954 quae
709 3879 790 3934 terra
804 3867 927 3966 dicitur.
959 3871 1064 3944 Quare
1079 3881 1112 3936 et

78 3991 153 4071 tibi,
178 3989 285 4074 Publi,
308 4003 340 4059 et
353 3993 412 4079 piis
425 3991 571 4058 omuibus
589 3991 771 4058 retinendus
784 4003 832 4059 est
847 3993 969 4062 animus
984 3993 1018 4064 iu
1033 4015 1107 4062 cua·
1127 4001 1128 4004 ’

580 4113 611 4184 Τ
