2804 4524
292 788 465 862 Pnomn.
492 786 577 862 Lib.
596 787 673 862 111.
699 791 761 867 De
787 785 972 864 Fruraus.

121 935 219 1060 DE
234 977 322 1044 hisee
336 981 430 1042 rebus
451 980 683 1066 saepenumerd‚
706 979 819 1072 Brute,
843 1002 963 1060 vereor,
985 1001 1025 1043 ne
1040 1000 1145 1066 repre,-

116 1104 244 1186 hendar,
261 1109 334 1170 cnm
350 1103 420 1170 haec
440 1105 479 1169 ad
501 1116 533 1169 te
554 1106 700 1186 scribam,
721 1107 775 1190 qui
798 1109 870 1170 cum
889 1107 923 1170 in
934 1108 1148 1194 philosophia,

117 1238 185 1293 tum
211 1227 246 1292 in
272 1227 395 1313 optimo
418 1249 533 1313 genere
559 1229 772 1314 philosophiae
796 1240 918 1294 tantum
944 1231 1147 1318 processeris.

116 1347 211 1420 Quod
234 1345 261 1414 si
281 1351 430 1430 facerem,
451 1349 540 1434 quasi
560 1357 591 1412 te
614 1349 770 1430 erudiens,
787 1347 860 1433 jure
882 1351 1146 1440 reprehenderer:

118 1471 173 1534 sed
188 1472 228 1534 ab
243 1491 282 1532 eo
296 1469 469 1555 plurimum
484 1471 596 1533 absum
605 1493 615 1547 3
639 1491 753 1554 neque,
775 1480 812 1534 ut
826 1491 864 1532 ea
877 1493 1061 1558 cognoscas,
1077 1495 1149 1558 quae

116 1589 174 1654 tibi
201 1587 367 1654 notissima
392 1599 479 1669 sunt,
508 1589 547 1652 ad
571 1600 603 1652 te
629 1589 734 1670 mitto,
762 1590 818 1652 sed
844 1591 918 1674 quia
941 1591 1088 1656 facillime
1113 1592 1145 1656 in

117 1708 248 1774 nomine
261 1719 317 1774 tuo
328 1709 506 1794 acquiesco,
519 1719 552 1772 et
564 1709 637 1795 quia
649 1720 680 1773 te
692 1709 794 1774 habeo
807 1709 1025 1796 aequissimum
1039 1733 1148 1776 eorum

117 1831 306 1912 studiorum,
323 1854 395 1918 quae
410 1831 490 1896 mihi
505 1833 687 1897 communia
702 1843 808 1898 tecum
824 1845 909 1914 sunt,
925 1833 1148 1900 aestimatorem

118 1967 149 2022 et
159 1953 317 2043 judicem.
361 1953 515 2020 Attendes
531 1954 638 2040 igitur,
653 1960 690 2019 ut
705 1954 801 2036 soles,
821 1957 1001 2042 diligenter,
1017 1982 1149 2048 eamque

118 2077 364 2146 controversiam
389 2075 588 2165 ffijnfficabis,
618 2101 690 2164 quae
713 2079 791 2143 milri
814 2081 875 2146 fuit
896 2104 970 2146 cnm
995 2087 1151 2150 avunculo

119 2211 186 2286 tuo,
202 2201 309 2267 divino
325 2223 361 2267 ac
376 2202 527 2286 singulari
541 2203 619 2267 viro.

160 2327 259 2423 Nam,
275 2328 308 2392 in
323 2327 508 2392 Tusculano
524 2329 596 2390 eum
613 2349 727 2408 essem,
742 2331 917 2414 vellemque
929 2334 946 2394 ὲ
959 2330 1153 2397 bibliotheca

117 2445 208 2532 pueri
222 2443 351 2510 Luculli
366 2442 555 2529 quibusdam
577 2441 664 2507 libris
681 2445 740 2522 uti,
760 2444 832 2506 veni
849 2443 881 2506 in
896 2443 964 2530 ejus
980 2445 1098 2526 villam,
1114 2457 1151 2509 ut

121 2591 175 2633 eos
196 2568 263 2654 ipse
289 2569 339 2652 (ut
361 2567 515 2648 solebam)
543 2565 616 2630 inde
636 2585 826 2651 promerem.
870 2567 1030 2636 Quocum
1045 2567 1150 2630 venis-

124 2719 204 2776 sem,
220 2693 270 2759 M.
287 2693 453 2773 Catonem,
477 2713 571 2776 quem
592 2691 636 2754 ibi
658 2713 728 2755 esse
748 2691 932 2772 nescieram,
948 2693 1011 2756 vidi
1027 2694 1060 2757 in
1080 2693 1152 2758 bib·

122 2819 261 2886 liotheca
277 2817 453 2896 sedentem,
469 2813 578 2878 multis
601 2813 828 2879 circumfusum
850 2815 1030 2879 Stoicorum
1053 2815 1154 2882 libris.

122 2939 202 3006 Erat
218 2937 316 3018 enim,
331 2947 368 3002 ut
386 2937 459 3018 scis,
478 2935 511 3000 in
530 2959 568 3000 eo
589 2934 774 3001 inexhausta
794 2935 923 2999 aviditas
944 2937 1083 3020 legendi,
1098 2961 1157 3003 nee

122 3063 228 3128 satiari
254 3070 397 3147 poterat3
429 3059 547 3145 quippe
570 3058 635 3144 qui,
663 3081 703 3122 ne
725 3058 998 3144 reprehensionem
1027 3061 1154 3147 quidem

122 3182 212 3267 vulgi
226 3182 352 3246 inanem
366 3179 584 3258 reformidans,
598 3177 629 3241 in
642 3179 710 3264 ipsa
723 3178 808 3242 curia
817 3179 931 3244 soleret
945 3183 1047 3263 legere
1059 3203 1154 3264 ssepe,

123 3304 201 3368 dum
217 3313 344 3366 senatus
359 3308 535 3383 cogeretur,
555 3295 638 3361 nihil
654 3319 757 3382 operae
776 3283 958 3382 reipublicae
971 3299 1135 3362 detrahens
1144 3325 1153 3378 3

123 3429 189 3514 quo
210 3423 311 3508 magis
332 3433 401 3488 tum
424 3421 459 3485 in
483 3441 609 3485 summo
633 3419 709 3499 otio,
734 3421 932 3506 mariumque
954 3421 1044 3504 eopia
1069 3423 1157 3506 quasi

125 3549 236 3612 helluo
250 3545 403 3610 librorum
423 3543 463 3631 (si
475 3544 536 3608 hoc
547 3545 643 3610 verbo
657 3541 689 3606 in
702 3553 767 3606 tam
781 3546 863 3608 clara
875 3561 909 3606 re
921 3545 1074 3608 utendum
1090 3549 1150 3625 est)

127 3665 300 3731 videbatur.

170 3783 266 3854 Quod
282 3787 356 3848 cum
370 3781 543 3861 accidisset,
559 3793 595 3846 ut
609 3772 686 3845 alter
701 3783 834 3846 alterum
851 3803 909 3844 nec
925 3781 1052 3866 opinato
1072 3783 1157 3846 vide-

129 3927 247 3990 remus,
271 3871 406 3973 surrdxit
426 3906 544 3972 statim.
588 3905 713 3972 Deinde
735 3906 834 3991 prima
855 3907 919 3986 illa,
937 3929 1008 3992 quse
1028 3907 1059 3970 in
1078 3929 1156 3968 con-
