2750 4510
256 264 315 328 ιιι
643 249 710 350 'Ee
730 242 863 314 mulo,

250 431 355 496 biturn
367 424 536 511 voluptatis
553 422 628 504 siut,
649 419 871 486 festinantibus
893 413 932 482 ad
949 413 1019 482 huc
1041 433 1134 495 nove,
1151 412 1275 500 quibus

247 549 434 638 jampridem
446 544 644 634 prevalentis
654 542 764 628 populi
773 541 853 606 vires
865 537 974 626 seipsoe
989 535 1173 602 conficiunt.
1195 533 1276 622 Ego

249 675 360 736 contris
373 670 434 736 hoc
448 689 573 754 quoque
583 663 696 728 loboris
709 663 874 748 praemium
888 671 1006 746 petam,
1021 661 1067 724 utl
1084 681 1134 723 me
1152 659 1273 748 ὲοοιι-

253 801 364 878 spectu
375 793 540 866 melorrun,
551 807 622 872 quae
637 793 744 848 nostra
759 793 807 847 tot
817 805 875 874 per
887 765 986 848 annos
1001 781 1077 844 vidit
1092 791 1180 861 setus,
1196 793 1273 846 lau-

252 914 348 1000 tisper
367 917 462 989 ccrtb,
486 910 562 974 dum
575 907 676 992 prisca
691 905 744 969 illa
759 910 827 968 tots
841 915 946 968 mente
963 912 1079 988 repeto,
1104 913 1241 968 avertam
1257 927 1271 982 3

250 1035 352 1102 omnis
366 1054 477 1118 expers
492 1053 586 1112 curae,
601 1053 673 1116 quse
686 1027 851 1094 scribentis
865 1027 1018 1104 animum,
1033 1026 1092 1090 etsi
1107 1047 1172 1090 non
1187 1027 1269 1090 ilec-

253 1167 318 1224 tere
333 1160 352 1220 u
367 1178 451 1234 vero,
468 1153 638 1218 sollicitum
654 1163 759 1216 tamen
774 1151 894 1214 efficere
909 1149 1019 1234 possit.

295 1289 378 1358 Quee
393 1297 465 1368 ente
478 1285 634 1352 conditum
649 1283 881 1349 condendamve
897 1283 1017 1362 urbem,
1040 1279 1174 1366 poeticis
1198 1301 1271 1343 rna-

251 1403 299 1492 gis
313 1405 425 1470 decora
437 1404 562 1482 fabulis,
576 1406 671 1488 quem
695 1399 880 1486 incorruptis
902 1421 1005 1464 rerum
1021 1407 1177 1482 gesturum
1191 1419 1270 1461 mo-

251 1523 411 1588 numentis
433 1523 608 1602 traduntur,
639 1543 675 1584 ee
701 1542 758 1584 nec
781 1519 943 1598 affirmare,
970 1537 1028 1580 nec
1050 1517 1202 1594 refellere,
1231 1517 1269 1580 iu

251 1643 356 1708 enirno
371 1651 431 1706 est.
474 1641 578 1706 Detur
592 1641 660 1704 haec
676 1639 765 1702 venio
776 1637 962 1722 antiquitati,
978 1647 1015 1700 ut
1030 1635 1190 1700 miscendo
1201 1635 1271 1700 bu·

255 1787 349 1830 mena
362 1764 486 1842 divinis,
497 1761 666 1846 primordia
681 1759 805 1824 urbium
821 1759 1001 1842 augustiora
1016 1758 1118 1824 saciat.
1161 1758 1217 1838 Et,
1243 1759 1273 1822 si

254 1887 306 1950 eui
319 1886 437 1970 populo
454 1883 547 1946 licere
569 1891 692 1966 oportet
707 1904 886 1948 consecrare
909 1881 1044 1964 origines
1068 1901 1150 1961 suas,
1173 1879 1272 1944 etad

255 2003 342 2068 Deos
357 2003 470 2066 referre
483 2013 644 2080 auctores3
668 2023 704 2064 ea
719 2001 792 2064 belli
806 2001 905 2084 gloria
920 2013 967 2064 est
981 2001 1101 2086 populo
1114 1999 1274 2090 Romano,

255 2135 291 2188 ut
306 2145 405 2208 quum
419 2145 524 2203 suum,
534 2123 765 2212 conditorisque
777 2123 825 2188 sui
840 2133 1001 2207 parentem
1016 2123 1153 2188 Martem
1168 2121 1274 2207 potis-

256 2245 372 2308 simum
392 2248 490 2324 fcret3
513 2255 577 2308 tum
592 2257 624 2309 et
642 2246 702 2309 hoc
716 2255 827 2330 gentes
843 2245 989 2310 bumnnae
1005 2245 1163 2330 patiantur
1177 2238 1286 2330 aequo'l

255 2368 372 2448 animo,
387 2370 481 2453 quium
492 2367 657 2453 imperium
669 2370 842 2454 potiuntur.
865 2368 927 2434 Sed
941 2370 1022 2449 haeo,
1035 2380 1069 2432 et
1078 2369 1127 2432 lris
1141 2368 1271 2450 similiu,

255 2489 637 2576 utcunqueunimedversn
656 2503 709 2556 erut
721 2489 898 2556 existimato
915 2483 1016 2572 erunt,
1033 2492 1115 2556 haud
1130 2492 1163 2556 iu
1178 2511 1272 2577 mag-

256 2637 297 2678 no
312 2614 458 2700 equidem
472 2635 588 2700 ponem
602 2612 793 2678 discrimine.
834 2615 884 2678 Ad
898 2613 951 2678 ills
965 2613 1042 2678 mibi
1057 2635 1114 2700 pro
1128 2637 1162 2680 sc
1177 2613 1270 2700 quis·

257 2759 317 2820 qne
332 2737 443 2802 acriter
454 2735 596 2800 intendat
610 2736 844 2821 animumque
859 2736 933 2816 vito,
946 2737 999 2822 qui
1012 2757 1113 2800 mores
1130 2736 1270 2802 fuerint:

257 2879 311 2944 per
336 2879 414 2940 qnos
436 2859 529 2936 viros,
553 2859 728 2944 quibusque
750 2861 879 2938 ortibus,
907 2859 992 2922 dorni
1020 2845 1215 2945 militiisque,
1240 2871 1272 2926 et

257 2989 381 3062 partum
397 2991 427 3042 ct
442 2989 569 3042 auctum
594 2979 757 3064 imperium
773 2981 824 3043 sit.
867 2981 1009 3046 Lubente
1027 2981 1139 3048 deinde
1162 2985 1272 3068 paula-

258 3099 314 3164 tinr
330 3099 406 3164 disci
410 3099 505 3184 plinii,
522 3105 607 3165 velut
616 3103 792 3166 desidentes
805 3101 906 3188 primb
922 3125 1023 3168 mores
1036 3115 1186 3190 sequatur
1199 3105 1271 3170 eni·

147 3317 150 3325 .
257 3245 332 3288 mo:
356 3222 467 3288 deinde
485 3223 632 3308 utmagis
648 3225 808 3309 magisque
829 3226 908 3310 lapsi
922 3227 996 3306 sint,
1021 3239 1088 3292 tum
1105 3229 1148 3292 ire
1163 3249 1272 3314 coepc·

257 3349 321 3414 rint
336 3347 531 3434 praeoipites5
554 3347 654 3412 donec
668 3347 706 3412 ed
722 3351 790 3413 lraec
807 3357 958 3434 tempore,
974 3353 1088 3436 quibus
1115 3375 1173 3418 nec
1197 3353 1273 3418 vitia

258 3479 375 3550 nostru,
391 3492 449 3534 nec
464 3469 598 3534 remedia
618 3470 682 3553 poti
698 3491 875 3554 possumus,
895 3484 1080 3556 perventum
1096 3482 1155 3540 cst.
1199 3471 1274 3538 Hoc
1297 3488 1299 3496 ’

259 3589 337 3654 illud
352 3603 399 3656 est
414 3592 570 3678 praecipne
586 3593 619 3656 in
635 3593 813 3676 cognitione
828 3615 930 3660 rerum
946 3598 1068 3660 salubre
1083 3619 1119 3660 sc
1134 3595 1271 3679 frugile-

257 3734 339 3792 rum,
356 3715 457 3778 omnis
468 3728 498 3780 tc
510 3715 645 3802 exempli
661 3717 850 3782 documento
865 3720 897 3782 in
909 3717 1022 3782 illustri
1036 3718 1139 3803 posite
1153 3739 1269 3782 monu-
1296 3715 1299 3725 '

258 3845 366 3900 mento
381 3834 495 3904 intueri
511 3865 517 3904 :
541 3839 614 3904 inde
630 3837 687 3906 tibi
702 3849 829 3928 tuaeque
844 3839 1023 3925 reipublicae
1040 3837 1124 3925 quod
1138 3839 1270 3920 imitere,
