2804 4524
528 291 769 378 cl'cElloNE.
1130 323 1172 383 aa

131 499 209 552 men
226 489 371 570 tempore
386 483 523 550 Athenis
549 486 633 570 apud
648 484 851 550 Demetrium
877 483 1004 571 Syrum,
1031 498 1170 556 reterens

123 621 164 676 ct
189 629 257 676 non
285 605 461 692 ignobilem
487 605 613 672 dicendi
637 607 837 691 magistrum,
860 606 1001 672 studiose
1027 611 1166 676 exerceri

123 732 283 824 sclebam.
329 729 405 794 Pbst
418 731 438 794 a
452 749 504 794 me
519 728 595 794 Asia
609 737 678 794 tota
698 739 862 815 peragrata
886 737 945 810 est,
972 749 1046 794 cum
1075 729 1164 796 sunr-

126 851 192 917 mis
206 849 336 937 quidem
351 848 540 929 oratoribus,
563 847 753 934 quibuscum
769 851 937 914 exercebar
958 847 1034 935 ipsis
1051 851 1164 914 luben·

123 973 238 1040 tibus:
274 991 414 1058 quorum
440 981 507 1037 erat
534 972 680 1058 prinecps
713 972 884 1058 Menippus
912 971 1168 1052 Stratonicensis,

129 1097 207 1162 rrl'eo
219 1093 353 1184 judicio,
370 1099 438 1160 tota
453 1094 540 1174 asia,
556 1093 618 1160 illis
633 1095 841 1182 temporibus,
853 1093 1099 1176 disertissimus,
1122 1105 1167 1176 et,

126 1215 158 1282 si
185 1216 268 1280 nibil
294 1217 410 1280 habere
432 1205 647 1280 molestiarum
675 1237 735 1280 nec
759 1217 962 1304 ineptiarum,
987 1219 1165 1283 Atticorum

125 1349 188 1420 est,
200 1339 253 1404 laic
265 1347 371 1403 o'rator
385 1339 417 1402 in
434 1335 496 1402 illis
513 1339 670 1402 numerari
683 1343 767 1404 recte
783 1349 900 1424 potest.
937 1341 1161 1406 Assiduissinte

125 1471 234 1526 antem
249 1480 375 1524 mecum
390 1460 452 1524 init
473 1459 649 1544 Dionysius
665 1461 814 1542 Magnes.
858 1459 936 1524 Erat
964 1463 1057 1525 etiam
1081 1461 1159 1526 AEs·

125 1583 239 1671 chylus
255 1583 400 1664 Cnidius,
416 1583 663 1667 Adramyttenus
679 1582 852 1646 Xenocles.
888 1583 936 1646 Hi
955 1591 1024 1646 tum
1039 1584 1072 1647 in
1088 1584 1163 1648 Asia

124 1707 289 1773 rhetorum
314 1704 471 1792 principes
488 1707 746 1770 numerabantur.
791 1703 916 1775 Quibus
939 1727 1004 1770 non
1026 1717 1160 1772 conten·

125 1842 191 1912 tus,
204 1831 356 1896 Rhodum
370 1829 454 1910 seni,
469 1851 583 1915 meque
598 1828 637 1894 ad
649 1829 798 1912 eundem,
821 1849 917 1915 quem
934 1829 1046 1894 Romae
1070 1829 1160 1894 andi·
1285 1912 1290 1924 1

122 1973 240 2034 veram,
263 1953 432 2019 Molonem
455 1951 622 2039 applicavi,
647 1955 720 2018 cnm
742 1963 881 2018 actorem
897 1951 930 2018 in
944 1941 1025 2018 veris
1043 1955 1159 2034 cousin,

126 2079 380 2165 scriptoremque
390 2085 607 2162 prestantem,
620 2088 690 2140 tum
702 2075 736 2140 in
747 2077 895 2142 notandis
908 2076 1162 2144 animadverten-

123 2201 236 2288 disque
250 2199 347 2282 sitiis,
373 2211 405 2264 ct
427 2199 625 2266 instituendo
639 2197 848 2286 docendoque
863 2200 1160 2286 prudentissimum.

125 2327 157 2392 ls
171 2323 261 2392 dedit
276 2335 402 2410 operam
421 2323 461 2408 (si
471 2321 571 2388 moda
586 2323 618 2386 id
634 2323 786 2409 consequi
800 2323 918 2409 potuit)
945 2335 983 2388 ut
998 2325 1092 2390 nimis
1108 2347 1159 2390 re·

123 2445 304 2512 dundantea
326 2465 399 2524 nos,
420 2453 453 2508 et
475 2431 850 2529 superfluentesjudenili
873 2442 1008 2528 quddam
1030 2445 1158 2510 dicendi

125 2567 315 2655 impunitate
330 2577 363 2632 et
376 2565 517 2648 licendi,
532 2565 728 2652 reprimeret,
743 2577 776 2631 et
791 2565 879 2652 quasi
894 2577 982 2632 extra
996 2567 1081 2653 ripas
1095 2569 1157 2635 dif-

123 2693 257 2756 fluentes
273 2699 444 2756 coerceret.

166 2813 217 2878 Ita
238 2813 341 2900 recepi
368 2835 420 2878 me
433 2809 566 2876 biennio
580 2811 666 2897 pbst,
685 2831 751 2874 non
767 2809 861 2874 modb
876 2808 1085 2891 exercitatior,
1101 2809 1157 2876 sed

123 2939 218 3025 prope
233 2948 386 3003 mutatus.
430 2918 515 3000 Nam
531 2943 564 3000 et
577 2933 743 3000 contentio
764 2932 860 2996 nimia
882 2933 969 2998 vocis
992 2933 1155 3014 reciderat,

123 3071 155 3126 et
165 3061 255 3146 quasi
265 3063 432 3126 referverat
444 3059 554 3140 oratio,
562 3057 776 3143 lateribusque
790 3055 869 3121 vires
873 3065 920 3136 ‚et
932 3057 1070 3144 corporis
1084 3077 1152 3124 me·

124 3183 239 3248 diceris
253 3183 380 3250 habitus
394 3192 577 3249 accesserat.
612 3181 689 3246 Duo
705 3195 774 3245 turn
790 3181 989 3245 excellebant
1003 3187 1154 3260 oratorcs',

123 3307 177 3392 qui
199 3327 251 3372 rne
272 3305 419 3372 imitandi
442 3303 613 3392 cupiditate
637 3303 816 3384 incitarent,
838 3303 932 3368 Cotta
954 3315 986 3370 ct
1010 3303 1152 3368 Horten-

125 3427 210 3494 sius:
234 3449 369 3516 quorum
385 3429 464 3494 alter
481 3427 642 3508 remissus,
665 3435 698 3491 et
723 3425 817 3507 lenis,
841 3437 872 3492 et
895 3425 1029 3513 propriis
1053 3425 1155 3492 verbis

123 3551 395 3640 comprehendens
408 3553 511 3616 solute
527 3561 559 3614 et
573 3550 665 3615 facile
681 3549 870 3614 sententiam
885 3574 895 3628 3
919 3551 997 3614 alter
1011 3559 1154 3630 ornatus,

125 3693 206 3754 acer,
219 3681 252 3738 et
267 3693 333 3738 nnn
349 3671 432 3754 talis,
447 3673 572 3756 qualem
587 3679 624 3734 tu
636 3689 722 3748 eum,
742 3668 852 3748 Brute,
863 3665 931 3753 jam
946 3669 1155 3736 deflorescen-

123 3806 188 3861 tem
204 3793 395 3882 cognovisti,
418 3793 473 3860 sed
487 3795 654 3858 verborum
680 3801 712 3856 et
731 3791 865 3856 aetionis
880 3803 995 3876 genere
1009 3813 1154 3858 commo·

123 3915 195 3982 tior.
240 3915 350 4002 ltaque
373 3935 446 3982 cum
463 3913 638 3982 Hortensio
662 3911 743 3980 mihi
768 3910 868 3998 magis
890 3912 1061 3980 arbitrabar
1084 3933 1151 3978 rena

619 4031 646 4097 F
