2804 4524
524 285 764 354 CICERONE.
1095 301 1150 372 ,31

123 463 296 534 admodum
311 461 411 526 simus
423 459 456 528 in
470 461 574 548 spatio
589 462 654 534 Qu.
670 460 880 526 Hortensium
895 460 995 548 ipsius
1008 463 1150 549 vestigiis

121 586 296 677 persecuti.

167 707 359 774 Triennium
377 707 444 772 fere
458 705 519 772 fuit
533 707 608 772 urbs
622 705 691 770 sine
703 706 820 772 ermis:
845 715 878 772 et
903 727 964 792 ego
989 709 1050 774 hoc
1074 719 1155 776 tem-

125 851 205 918 pore
221 827 311 894 omni
325 837 436 894 noctes
451 837 484 892 et
498 826 565 892 dies
580 826 614 894 in
629 827 773 892 omnium
792 826 1004 892 doctrinarum
1019 831 1155 896 meditu-

127 953 219 1018 tione
233 946 390 1016 versabar.
424 949 522 1016 Eram
545 970 619 1015 cnm
633 948 743 1014 Stoico
755 949 897 1052 Diodoto
909 974 919 1030 ;
942 951 1082 1036 quicum
1098 954 1157 1020 ha·

126 1074 294 1142 biturisset
304 1072 388 1160 opud
398 1093 459 1154 me,
467 1091 655 1158 mecumque
664 1071 804 1152 vixisset,
812 1093 913 1159 nuper
920 1085 969 1140 est
981 1074 1068 1140 domi
1079 1099 1159 1142 mese

128 1204 286 1262 mortuus.
329 1193 360 1258 A
375 1213 440 1278 quc
455 1195 529 1258 cnm
544 1191 578 1258 in
592 1192 662 1258 aliis
676 1195 783 1274 rebus,
796 1203 871 1287 tum
881 1195 1110 1262 studiosissime
1126 1198 1159 1262 in

129 1311 295 1382 dialectics
306 1313 494 1394 exercebam
517 1325 596 1398 quae'
605 1313 695 1400 quasi
709 1323 872 1380 contracta
883 1325 915 1379 et
930 1315 1079 1382 adstricta
1091 1320 1160 1382 elo·

130 1436 264 1524 quentia
273 1434 415 1524 putanda
425 1445 496 1502 est:
520 1433 588 1500 sine
599 1440 662 1520 qul
674 1434 770 1500 etism
785 1445 832 1516 tu,
845 1435 955 1516 Brute,
966 1436 1162 1523 judicavisti,

132 1571 167 1628 te
180 1561 267 1624 illam
286 1558 407 1646 justum
423 1556 650 1644 eloquentiam,
673 1577 768 1642 quum
789 1555 985 1622 dialecticam
1001 1561 1163 1628 dilatatam

133 1705 205 1750 esse
216 1691 342 1770 putent,
354 1681 507 1767 consequi
519 1701 583 1746 non
597 1701 703 1766 posse.
728 1679 816 1746 Huic
827 1703 887 1766 ego
902 1681 1034 1764 doctori,
1050 1693 1082 1748 ct
1094 1681 1163 1770 ejus

94 1783 101 1796 ¹
134 1807 256 1900 curtibus
268 1805 359 1870 variis
374 1815 468 1890 etque
483 1803 604 1883 multis,
625 1803 669 1870 itu
680 1825 765 1870 eram
780 1813 887 1874 tamen
900 1803 1037 1890 deditus,
1060 1819 1097 1874 ut
1122 1811 1162 1876 ab

133 1925 413 1994 exercitationibus
428 1923 571 1992 oratoriis
585 1925 692 1992 nullus
706 1923 772 1990 dies
795 1947 911 1992 vacuus
926 1937 1019 1994 esset.
1065 1927 1164 1994 com.

134 2047 301 2120 mentebor
322 2047 540 2128 declamitsns,
567 2047 626 2133 (sic
648 2047 734 2114 enim
748 2069 835 2114 nuuc
854 2051 1056 2138 loquuntur,)
1081 2073 1166 2140 sepe

134 2197 211 2242 curn
225 2173 277 2240 M.
290 2171 420 2252 Pisone,
431 2177 465 2234 et
475 2189 548 2236 cum
561 2169 625 2240 Qu.
640 2168 801 2256 Pompeio,
812 2180 867 2236 sut
879 2191 953 2236 cum
965 2171 1071 2259 aliquo
1082 2195 1165 2260 quo·

137 2298 239 2364 tidie:
261 2295 356 2382 idque
380 2292 535 2360 faciebam
559 2293 698 2357 multtum
715 2291 811 2358 etiam
825 2293 950 2376 Latine,
976 2297 1032 2361 sed
1053 2295 1165 2364 Groece

137 2421 278 2508 snpids;
300 2421 351 2484 vel
365 2417 450 2504 qudd
466 2415 580 2482 Groecu
593 2416 694 2482 oratio
706 2417 798 2501 plura
815 2427 1000 2500 omamcntn
1014 2421 1168 2506 suppedi-

141 2557 225 2624 tuns,
232 2539 498 2610 consuetudinem
509 2537 653 2606 similiter
666 2539 781 2606 lactine
792 2541 919 2606 dicendi
933 2545 1080 2610 afferebat
1093 2569 1103 2624 ;
1119 2546 1169 2608 vel

143 2663 229 2752 quod
239 2667 258 2727 it
270 2661 394 2728 Grrecls
405 2659 538 2726 summis
550 2659 743 2741 doctoribus,
756 2659 817 2726 nisi
829 2661 940 2726 Graece
954 2662 1101 2742 dicerem,
1115 2683 1173 2728 ne-

142 2808 207 2874 que
221 2785 334 2870 corrigi
348 2803 487 2872 possem,
502 2803 607 2867 neque
618 2779 747 2846 doceri..
801 2811 805 2814 ·

188 2910 361 2976 Tumultus
377 2907 503 2974 interim
518 2927 577 2992 pro
591 2903 806 2990 recuperandi
819 2905 993 2992 republicl,
1016 2917 1049 2972 et
1061 2909 1175 2974 crude-

146 3033 185 3100 lis
197 3032 342 3100 interitus
357 3042 517 3098 mutorum
531 3029 639 3112 trium,
655 3027 818 3110 Screvolae,
834 3029 999 3113 Carbonis,
1019 3024 1174 3116 Aritistii3

145 3157 264 3224 reditus
279 3155 397 3236 Cottu,
409 3152 568 3233 Curionis,
581 3151 698 3233 Crassi,
708 3153 930 3235 Lentulorum,
946 3153 1112 3239 Pompeii3
1128 3159 1175 3222 le-

149 3303 205 3367 ges
229 3291 262 3345 et
290 3277 411 3366 judicio
443 3276 628 3359 constituto,
650 3241 832 3364 recupenito
857 3279 1048 3364 respublica.
1091 3277 1176 3345 Tum

149 3403 286 3492 primdm
302 3425 360 3470 nos
371 3403 410 3468 od
425 3421 534 3468 causas
549 3411 583 3466 et
593 3401 729 3487 privatus
753 3411 786 3466 et
808 3402 951 3488 publicas
965 3399 1049 3467 edire
1075 3403 1177 3488 coepi-

151 3549 234 3609 nses,
257 3547 322 3592 uon
344 3535 382 3591 ut
395 3525 428 3590 in
441 3527 511 3591 soro
532 3525 734 3606 disceremus,
749 3525 834 3612 quod
856 3525 997 3611 plerique
1019 3526 1176 3610 fecerunt,

153 3649 209 3749 sed
222 3659 271 3730 nt,
285 3657 441 3734 quantum
463 3668 522 3712 nos
544 3645 665 3712 efficere
680 3648 907 3734 potuissemus,
922 3647 1008 3714 docti
1022 3649 1054 3739 in
1071 3651 1176 3716 fomur

152 3772 359 3837 veniremus,
399 3768 523 3838 Eodem
557 3781 697 3856 tempore
723 3771 849 3838 Moloni
871 3769 1015 3837 dedimus
1036 3793 1176 3859 operam·

152 3893 318 3962 Dictatore
337 3892 423 3960 euim
437 3893 525 3982 Sylla
550 3893 671 3980 legatus
693 3891 733 3960 ad
754 3903 898 3962 senatum
920 3893 959 3960 de
981 3893 1178 3962 Rhodiorum
