2750 4510
437 283 709 392 ..crcnnonn
976 311 979 318 ⁴
1070 303 1130 378 nr

82 471 161 521 uem
186 451 368 540 recipiebat.
412 457 568 526 Noun-um
591 465 840 546 antemetium,
859 467 978 552 negotii
1000 469 1122 558 iuopit,

90 599 161 642 non
178 577 397 663 requiescendi
413 583 529 662 studio,
546 561 757 650 constituturn
773 599 832 653 est.
859 579 1030 656 Exstincto
1042 595 1134 660 eninr

83 711 215 783 senatu,
229 703 404 791 deletisque
413 703 553 791 judiciis,
563 707 639 796 quid
651 721 709 791 est,
724 711 809 800 quod
819 713 953 798 dignum
964 717 1056 783 nobis
1069 729 1125 784 aut

84 826 119 890 in
136 827 239 907 curin,
255 839 310 892 aut
326 829 359 893 in
374 833 444 894 loro
459 839 552 916 ag'ere
569 835 728 918 possimus
742 841 752 902 l

128 951 181 1016 lta
196 952 251 1038 qui
275 953 307 1015 in
333 949 470 1022 maxine
494 956 688 1040 celebritate,
704 969 797 1046 atque
822 961 856 1025 in
880 955 984 1028 oeulis⁸
1007 965 1124 1032 civium

82 1075 249 1161 quondam
271 1075 420 1158 viximus,
437 1103 522 1148 nnnc
546 1053 707 1166 fugientes
733 1099 940 1171 conspectum
956 1093 1126 1159 scelerato-

81 1198 167 1276 ram,
185 1195 301 1280 quibus
325 1199 432 1264 omnia
455 1201 644 1282 redundant,¹
658 1203 803 1270 abdimus
827 1229 885 1272 nos
909 1209 1123 1293 quantumli-

42 1313 45 1318 ’
83 1329 147 1400 cet,
164 1332 198 1385 et
213 1341 298 1407 saepe
314 1323 371 1387 suli
388 1339 508 1390 sumus.
553 1327 617 1390 S'ed
629 1327 703 1412 quia
715 1329 760 1392 sic
772 1331 811 1392 ab
825 1331 1008 1397 hominibus
1023 1331 1125 1398 doctis

32 3875 38 3906 l

82 1445 278 1530 accepimus,
291 1468 351 1511 non
364 1443 462 1512 nolam
476 1471 514 1514 ea
528 1445 617 1513 rnolie
630 1451 742 1535 eligere
752 1453 876 1516 mirrima
890 1465 1028 1536 oportere
1033 1479 1047 1531 ,·
1070 1457 1125 1555 aed

82 1571 177 1636 etiam
193 1590 348 1654 excerpere
361 1592 398 1636 ea
411 1571 456 1636 laia
466 1573 550 1654 ipsis,
562 1573 588 1635 si
599 1569 672 1658 quill
682 1573 791 1638 inesset
802 1575 890 1651 boni3
913 1585 1078 1662 propterea
1090 1587 1122 1643 et

78 1697 145 1762 otio
161 1699 260 1776 lruor,
276 1717 340 1759 non
365 1695 420 1758 illo
444 1693 583 1780 quidem,
599 1667 664 1782 quo
684 1695 799 1762 ‘debeat
823 1697 861 1776 is,
877 1698 931 1782 qui
953 1699 1114 1784 quondam

77 1817 254 1910 peperisset
275 1821 376 1884 otinrn
401 1819 537 1898 eivitati3
562 1839 621 1882 nee
643 1825 712 1883 earn
737 1819 941 1886 solitudinem
966 1823 1116 1908 languere

82 1945 196 2032 patior,
213 1965 307 2031 quarn
324 1942 402 2006 mihi
417 1943 507 2006 affert
522 1941 706 2043 necessitas,
723 1961 788 2006 non
804 1939 962 2010 noluntas.

124 2070 324 2153 Quanquam·
335 2066 505 2130 Africanus
530 2061 681 2150 majorem
706 2065 832 2130 laudern
845 2069 896 2130 vel
912 2065 1127 2154 rneojudieio

83 2191 328 2276 assequebetnr'z
354 2187 444 2278 nulla
457 2197 563 2250 tamen
579 2183 647 2271 ejus
670 2179 790 2269 ingenii
805 2180 1012 2252 monumenta
1026 2181 1126 2256 man-'

81 2312 154 2377 data
178 2311 430 2390 literis,nullu1n
455 2329 535 2393 opus
560 2307 629 2388 otii,
645 2301 770 2372 nullum
796 2310 977 2375 solitudinis
1000 2331 1118 2378 munus

81 2445 188 2500 extat:
212 2457 251 2496 ex
267 2455 330 2516 qno
346 2431 481 2515 intelligi
497 2431 603 2510 debet,
618 2431 710 2496 illum
734 2433 850 2498 mentis
865 2433 1049 2517 agitatione,
1065 2435 1117 2500 in-

80 2559 353 2642 vestigationeque
367 2553 606 2634 aerumnarum,
621 2572 702 2640 quas
716 2554 885 2638 cogitando
901 2559 1119 2642 consequeba·
1159 2544 1162 2558 ¹

83 2693 146 2762 tur,
161 2701 221 2744 nee
237 2680 376 2744 otiosum
393 2701 451 2740 nec
466 2679 573 2740 solum
599 2697 740 2762 unquam
757 2675 865 2742 luisse.
910 2678 979 2742 Nos
998 2689 1117 2760 autem,

82 2803 136 2888 qui
152 2823 219 2866 non
243 2763 368 2864 tantuin
392 2797 513 2862 roboris
539 2797 703 2875 hebernus,
719 2805 755 2862 ut
779 2799 972 2882 cogitatione
987 2801 1117 2868 tacitae

79 2924 250 2990 solitudine
273 2912 503 2999 abstrahantur,
518 2918 557 2982 ad
579 2919 661 2982 hanc
685 2918 842 2984 scribendi
867 2943 995 3006 operam
1018 2945 1114 2992 omne
1201 2969 1207 2976 -

79 3047 222 3116 s'tudinm
235 3023 405 3130 ouranique
419 3041 645 3108 convertimus.
690 3041 802 3127 ltaque
824 3045 916 3128 plura
929 3045 1017 3114 brevi
1032 3061 1113 3115 tem·
1210 3121 1214 3128 ,

79 3189 165 3262 pore,
181 3177 300 3252 eversi,
316 3175 411 3256 quarn
428 3169 536 3234 multis
551 3168 641 3234 annis
663 3177 778 3250 stante,
794 3169 968 3255 republica,
985 3174 1113 3266 scripsi7

80 3323 162 3366 mus.
1073 3369 1076 3376 Ι

119 3422 183 3488 Sed
199 3427 270 3486 curn
287 3431 355 3486 tota
374 3419 587 3506 l'lrilosophia,
603 3425 649 3486 ml
665 3417 788 3501 Cicero,
804 3421 955 3506 frugifera
969 3433 1002 3487 et
1025 3423 1112 3488 fruc-

75 3543 179 3628 tuosa,
196 3566 255 3610 nec
270 3547 336 3610 ulla
353 3565 424 3632 pars
439 3543 508 3630 ejus
533 3543 654 3608 inculta
668 3565 705 3608 ae
730 3545 854 3610 deserta
869 3543 910 3608 sit
919 3569 929 3626 ς
954 3555 1022 3612 tum
1039 3551 1120 3612 nul«

76 3675 125 3738 lus
140 3669 273 3736 feracior
288 3671 320 3732 in
338 3673 375 3732 et
396 3669 485 3732 locus
508 3677 566 3747 est,
584 3689 642 3732 nec
666 3668 804 3748 uberior,
819 3672 914 3755 quam
929 3670 969 3738 de
981 3671 1113 3754 officiis;

77 3795 226 3881 aquibus
242 3801 424 3856 constanter
437 3791 635 3876 honesteque
651 3791 775 3856 vivendi
799 3803 957 3879 praecepta
970 3785 1115 3860 ducunt-⁵

77 3937 126 3981 nr.
170 3911 288 3994 Quare,
304 3924 484 4001 quanquam
499 3917 518 3977 a
542 3911 695 3999 Cratippo
710 3921 832 3995 nostro,
848 3911 991 4002 principe
1017 3913 1113 4000 hujus
