2738 4502
502 279 556 347 En
579 281 711 348 LlVIO.
1061 295 1123 358 259
1187 317 1189 328 r

85 469 180 528 meses
201 451 295 514 elium
305 447 439 537 juveniti
451 453 659 520 incautiorem.
696 455 785 521 Certi
797 445 919 526 suatim
933 457 1018 526 iilum
1032 472 1123 548 atque

84 571 337 658 intemperantiis
351 595 433 654 eom,
444 575 535 663 qudm
548 551 582 642 ei
593 579 731 658 desisse,

134 693 219 760 ilaec
244 717 308 762 non
329 695 440 762 hostili
454 699 550 766 modd
565 699 650 786 odio,
663 699 717 766 sel
733 699 847 770 amoris
863 701 958 771 etiam
973 703 1122 790 stimulis,

85 821 226 882 amium
238 819 323 905 apud
339 823 491 888 amulum
507 841 650 904 cernens,
669 843 768 910 quum
792 823 946 908 dixisset3
975 849 1041 892 non
1053 851 1124 894 me·

84 941 188 1006 diocri
210 947 285 1006 curt
312 941 471 1031 Scipionis
496 945 638 1012 animum
662 949 795 1036 pepulit.
838 947 883 1016 Et
906 949 1121 1016 fidemcrirui·
1183 1019 1198 1040 ,

87 1059 198 1144 nibus,
210 1073 306 1150 raptae
319 1069 417 1152 propi
432 1066 611 1138 interamna
625 1069 759 1172 nuptioe,
775 1091 877 1156 neque
891 1071 1052 1156 consulto,
1066 1091 1125 1138 ne·
1165 1045 1177 1064 Ἰ

88 1202 155 1270 quo
170 1193 352 1269 exspectato
367 1185 481 1266 Laelio,
493 1185 672 1268 faciebant3
694 1197 822 1276 tamque
835 1211 976 1278 praeceps
992 1193 1123 1258 festina·
1214 1255 1218 1267 ,

87 1303 150 1386 tio,
164 1317 200 1370 ut
214 1327 278 1392 quo
292 1305 343 1372 die
358 1317 481 1395 captam
497 1309 621 1374 hostem
638 1309 777 1392 vidisset,
794 1311 905 1377 eodem
921 1313 1123 1382 matrimonio

82 1425 235 1524 junctum
249 1428 414 1517 acciperet,
428 1441 461 1496 et
473 1429 512 1497 ad
522 1429 655 1496 Penates
667 1431 768 1500 hostis
781 1431 831 1498 sui
848 1435 986 1522 nuptiale
999 1455 1123 1504 sacrum
1242 1459 1245 1467 ’

89 1549 275 1615 conficeret.
317 1549 369 1616 Eo
395 1549 529 1616 foediora
555 1551 625 1616 llaec
646 1551 834 1618 videbantur
861 1553 1014 1640 Scipioni,
1040 1555 1125 1643 qubd

88 1673 200 1758 ipsum
223 1671 256 1736 in
273 1671 430 1760 Hispanii
439 1669 592 1758 juvenem
608 1673 727 1741 nullius
745 1675 848 1742 forma
868 1677 1034 1766 pepulerat
1048 1697 1123 1764 cap·
1218 1711 1221 1716 ·

87 1793 178 1860 tina.
223 1791 306 1882 Haec
320 1811 428 1860 secum
444 1791 600 1859 volutanti
615 1793 735 1862 balius
755 1815 792 1860 ae
810 1793 989 1862 Mmanissa
1014 1809 1123 1884 superss

84 1925 263 1996 venerunt3
287 1937 366 2002 quos
380 1937 479 2004 quum
493 1915 610 2006 pariter
619 1917 713 1984 ambo
725 1925 757 1983 et
769 1915 910 2004 bediguo
922 1919 1013 1986 vultu
1026 1941 1122 1988 exee-

84 2039 199 2126 pisset,
214 2045 247 2102 et
260 2035 394 2124 egregiis
407 2035 552 2104 laudibus
567 2035 725 2124 frequenti
740 2037 890 2126 pretorio
912 2041 1122 2123 celebrbsset3

87 2161 264 2226 abductum
279 2157 313 2225 in
328 2167 485 2228 mustum
500 2157 712 2228 Musanissam
725 2164 773 2230 sic
787 2161 982 2248 alloquitur:
1013 2169 1036 2204 ‘⁸
1050 2163 1126 2230 Ali·
1181 2195 1185 2208 ¹

89 2293 212 2374 quate
236 2282 395 2364 existimo,
425 2283 612 2366 Mmmusa,
637 2285 817 2354 intuentem
840 2285 874 2356 iu
897 2307 950 2354 me
975 2289 1073 2372 bone,
1093 2297 1128 2356 et

88 2409 248 2500 principio
262 2407 296 2474 in
311 2407 468 2498 Hispanit
479 2407 518 2476 ad
528 2408 727 2502 jungendam
740 2431 866 2478 mecum
881 2411 1053 2478 amicitiam
1068 2435 1125 2480 ua·

90 2529 188 2612 nisse,
204 2539 237 2596 et
250 2539 362 2618 postea
376 2529 409 2594 in
426 2529 533 2596 Airict
549 2526 701 2616 teipsum,
725 2551 860 2619 spesque
879 2551 990 2636 omnes
1004 2543 1074 2600 tuas
1089 2531 1125 2600 in

88 2655 186 2722 {idem
208 2663 313 2722 meam
336 2651 544 2720 commisisse.
588 2651 689 2740 Atqui
712 2655 801 2718 nulla
815 2673 923 2720 earum
943 2653 1043 2720 virtus
1065 2663 1126 2736 cst,

91 2789 224 2870 propter
238 2801 316 2867 quas
330 2775 525 2868 appetendus
541 2773 600 2841 tibi
614 2775 700 2840 visus
714 2773 789 2857 sim,
813 2777 877 2864 qut
891 2795 952 2864 ego
966 2779 1058 2864 mque
1075 2785 1126 2844 at·

93 2923 159 2992 que
170 2897 378 2988 temperantit
392 2905 425 2964 et
437 2895 634 2966 contuentia
648 2895 816 2964 libidinum
831 2897 984 2986 gloriatus
998 2895 1126 2974 luerim'.

91 3025 193 3092 Hanc
212 3031 244 3088 te
264 3039 392 3109 quoque
413 3017 452 3085 ad
474 3015 602 3096 castres
625 3029 696 3084 tuas
712 3017 843 3086 eximias
858 3017 1001 3100 uirtutes,
1016 3019 1127 3085 Mast-

92 3147 192 3227 nissa,
207 3111 359 3232 adjecisse
372 3141 478 3209 uelim.
514 3139 591 3208 Non
607 3151 669 3220 est,
685 3161 751 3207 non
769 3139 982 3226 (mihicrede)
1001 3151 1127 3208 tuntum

91 3273 134 3336 sb
148 3264 295 3334 hostibus
318 3261 445 3331 umetis
467 3263 553 3330 tutati
575 3273 690 3330 nostrat
713 3263 901 3352 periculum,
916 3275 1072 3352 quantum
1087 3265 1128 3330 ab

92 3389 296 3462 circumfusis
312 3387 452 3478 undique
466 3385 693 3474 uoluptatibus.
727 3385 792 3458 Qui
808 3407 860 3454 eas
874 3391 931 3454 sut
947 3397 1129 3474 temperan-

94 3517 142 3586 tit
153 3513 298 3584 nonam
311 3535 347 3580 ao
362 3509 498 3592 domuit,
513 3531 564 3576 nse
579 3513 681 3577 multi
698 3509 799 3598 majus
822 3509 930 3588 decus,
957 3509 1128 3600 majorem'·

94 3661 160 3736 que
175 3635 339 3704 victoriam
357 3632 418 3700 sibi
432 3625 567 3718 peperit,
582 3631 678 3718 quim
695 3649 766 3711 nos,
782 3629 925 3718 Syphace
948 3627 1045 3712 uicto,
1070 3631 1130 3698 lut·

93 3769 223 3834 bemus.
258 3759 354 3840 Qum,
368 3777 420 3822 me
434 3755 577 3835 absente,
593 3756 721 3819 strenue
746 3773 783 3818 ao
803 3751 927 3818 fortiter
947 3745 1062 3836 iecistl,
1086 3753 1127 3820 tt-

94 3891 211 3958 benter
225 3891 259 3950 et
282 3875 524 3948 commemoravi
546 3885 579 3940 et
593 3873 735 3940 memini.
780 3873 905 3940 Cetera
924 3872 1061 3965 teipsum
1079 3893 1131 3944 rc.

224 3989 229 3996 ’
572 3997 663 4068 uta
