2804 4524
243 301 285 360 28
598 296 651 362 Ee
673 295 725 364 M.
747 293 915 365 tutuo

242 465 389 552 signibus
404 465 439 534 is
453 475 569 536 ornatu
591 469 849 555 distinguebstur
869 469 976 538 omnis
990 471 1104 540 oratio.
1148 471 1276 546 onds

242 607 276 654 re
290 585 397 672 agitur
410 597 516 656 autem
532 587 625 670 iliud,
647 591 734 676 quod
757 591 869 660 multis
884 591 964 662 loeis
979 591 1013 660 in
1024 589 1276 682 jurisconsulto·

240 730 312 778 rura
327 711 501 782 includitur
523 713 679 796 formulis,
701 724 735 781 et
753 717 811 786 ubi
825 727 920 794 esset,
946 715 1084 784 videbat.
1129 717 1274 786 Accede·

240 830 296 896 bat
309 831 386 900 ordo
400 853 503 902 rerum
525 835 641 918 plenus
656 833 745 914 artis,
767 835 851 904 actio
869 835 1020 918 liberalia,
1042 847 1211 924 totumque
1224 837 1276 904 dl*

240 955 332 1022 cendi
348 955 508 1040 placidum
522 967 555 1022 et
569 977 683 1022 sanum
697 977 810 1043 genus.

282 1075 380 1146 Quod
401 1077 428 1142 si
450 1089 500 1142 est
522 1077 680 1163 optimum
704 1081 843 1148 suaviter
866 1081 981 1162 dicere,
1007 1081 1086 1148 nihii
1102 1093 1163 1162 est,
1186 1081 1276 1170 quod

240 1197 355 1266 melius
379 1199 442 1266 hec
468 1201 676 1286 querendum
697 1211 805 1288 putes.
849 1201 913 1267 Sed
937 1205 1010 1268 cum
1034 1205 1054 1266 i
1079 1200 1172 1268 nobis
1198 1207 1275 1268 ante

241 1320 364 1388 dictum
388 1322 441 1403 sit,
466 1323 527 1388 trin
547 1322 646 1388 videri
671 1343 752 1404 esse,
774 1345 847 1412 quse
869 1332 975 1390 orator
996 1323 1119 1390 efficere
1134 1323 1275 1404 deberet,

241 1452 279 1508 ut
299 1442 499 1525 docereque
520 1443 703 1526 delectaret,
734 1453 771 1510 ut
793 1455 958 1525 moveret3
989 1445 1053 1510 duo
1074 1446 1200 1510 summe
1224 1451 1275 1508 te-

240 1565 324 1648 nuit,
347 1577 385 1634 ut
409 1575 443 1634 et
464 1588 532 1634 rem
555 1567 726 1634 illustraret
744 1567 939 1648 disserendo,
963 1577 996 1634 et
1011 1565 1134 1632 animos
1149 1585 1272 1646 eorum,

239 1688 296 1778 qui
312 1689 468 1770 audirent,
482 1690 657 1758 devinciret
671 1693 847 1776 voluptate.
882 1691 1001 1754 Aberat
1015 1689 1109 1754 tertis
1122 1690 1177 1754 illa
1190 1690 1274 1771 laus,
1399 1723 1400 1728 ι

240 1817 306 1900 qut
326 1823 525 1900 permoveret
546 1821 642 1900 atque
664 1811 811 1880 incitaret
832 1810 968 1890 animos,
992 1812 1277 1899 quamplurimum

237 1933 359 2022 pollere
372 1932 524 1998 diximus.
568 1933 640 2000 Nec
651 1941 719 2001 eret
732 1935 798 1999 nlla
810 1932 871 2015 vis,
886 1943 983 2021 atque
997 1935 1162 2000 contentio
1176 1959 1184 2002 r
1208 1934 1276 2000 sive

239 2055 386 2137 censitio,
401 2057 485 2144 qued
500 2079 566 2138 eos,
580 2077 718 2145 quornm
732 2057 826 2123 nitier
839 2057 952 2140 oratio,
967 2056 1114 2144 actioque
1129 2068 1213 2124 esset
1226 2079 1278 2124 ar·

239 2175 377 2258 dentior,
392 2177 495 2246 furere
515 2185 548 2244 et
567 2177 714 2244 nouas
728 2175 952 2247 arbitraretur:
978 2176 1046 2244 sive
1061 2179 1147 2265 qutd
1161 2180 1277 2244 naturt

238 2317 305 2364 non
319 2307 403 2364 esset
417 2297 463 2364 ita
477 2300 602 2380 tactust
618 2297 684 2364 sive
700 2297 785 2386 qued
799 2319 864 2364 non
881 2300 1067 2367 consuesset
1079 2321 1091 2379 3
1106 2297 1274 2384 rivequdd

240 2442 306 2490 non
329 2431 449 2506 posset.
494 2421 570 2488 Hoc
593 2443 694 2488 unum
719 2423 779 2506 illi,
799 2422 826 2490 si
851 2419 934 2490 nihil
958 2421 1109 2491 utilitatis
1131 2419 1279 2504 habebat,

239 2543 366 2612 abfuit:
381 2544 409 2610 si
423 2564 504 2632 opus
518 2554 597 2626 eret,
611 2545 727 2612 deruit

283 2667 471 2741 Quinetiam
486 2649 720 2749 meministin
742 2667 777 2734 iu
798 2668 1001 2736 accusatione
1024 2671 1083 2736 sut
1104 2668 1148 2740 Q.
1170 2665 1279 2736 Gallio

240 2793 366 2862 crimini
387 2793 538 2875 dedisset,
553 2791 614 2858 sibi
638 2813 712 2860 enrn
736 2813 897 2862 vensnnrn
911 2791 1082 2881 paravisse,
1096 2791 1192 2878 idque
1207 2793 1227 2858 i
1240 2813 1276 2860 se

239 2935 309 2978 esse
320 2915 564 3004 deprehensum,
578 2935 710 3000 seseque
722 2913 947 3000 chirographa,
960 2911 1213 2994 testificationes,
1225 2912 1278 2978 in·
1399 2937 1400 2954 ι

238 3035 333 3117 dicia,
348 3036 553 3124 questiones,
577 3037 866 3104 manifestantem
882 3035 1005 3104 deferre
1028 3035 1160 3117 diceret,
1174 3035 1277 3124 deque
1399 3089 1400 3096 ,

239 3179 279 3228 eo
294 3159 426 3226 crimine
441 3166 586 3228 accurate
611 3171 643 3226 et
657 3159 815 3248 exquisite
840 3158 1089 3248 disputavissets
1111 3181 1163 3230 uae
1177 3159 1211 3226 in
1225 3179 1279 3224 re·
1399 3119 1400 3194 i

240 3279 439 3370 spondendo,
452 3284 524 3348 erm
540 3302 642 3350 essem
657 3289 900 3368 argumentatur
912 3289 1069 3370 quantum
1083 3281 1278 3362 resistebat,

241 3403 304 3470 hoc
318 3403 426 3490 ipsum
441 3401 538 3472 etiam
553 3401 697 3493 pesnisae
712 3421 770 3488 pro
789 3411 989 3488 argumento,
1012 3399 1097 3489 qutd
1112 3400 1180 3483 iile,
1202 3402 1278 3467 enm
1399 3419 1400 3426 ¹

238 3533 362 3618 pestem
377 3525 490 3616 eapitis
505 3524 567 3605 sui,
590 3527 665 3595 edm
679 3525 797 3594 indicia
820 3523 930 3592 mertis
950 3545 985 3592 se
1000 3524 1192 3612 comperisse
1207 3545 1278 3594 me·
1330 3589 1333 3594 .

240 3642 371 3726 nitestri,
395 3655 428 3710 et
450 3667 548 3712 manu
571 3655 679 3716 tenere
702 3645 831 3722 diceret,
855 3655 921 3712 tarn
937 3645 1040 3712 sainte
1055 3643 1183 3730 egisset,
1210 3654 1279 3714 tarn
1399 3687 1400 3738 ι

235 3768 366 3849 leniter,
382 3779 447 3834 tarn
462 3770 647 3838 oscitanter,
694 3769 742 3840 Ἰὶι
758 3769 846 3850 istuc,
861 3767 912 3836 Μ.
927 3767 1050 3849 Callidi,
1064 3765 1277 3874 sitifergerer,
1314 3753 1317 3762 ¹

212 3983 215 3990 .
240 3893 285 3966 ric
299 3873 437 3982 egeret?
457 3895 629 3983 presertim
643 3895 711 3958 ertm
725 3891 785 3966 tut
799 3891 980 3986 eieqtuntirt,
1001 3891 1168 3964 adtamen
1179 3891 1276 3966 toni-
1399 3955 1400 3982 ,
