2804 4524
501 295 744 368 monnone.
1097 308 1136 374 ts

108 555 112 566 ι
148 475 266 564 Neque
287 473 374 542 onim
388 482 421 540 te
434 473 531 560 frigit,
553 475 750 540 hndutarum
770 471 885 538 artium
901 472 1046 538 omnium
1059 495 1136 560 pro-

105 601 290 667 creatricem
304 597 475 684 quurdam,
488 608 522 662 ct
536 597 626 683 qnasi
639 605 817 683 parentem,
835 617 918 678 eam,
938 618 1033 682 quam
1053 611 1136 684 φιλο-

107 723 207 808 σοφίαν
227 721 333 787 Grseci
354 730 480 801 vocant,
506 723 546 786 ab
561 719 745 786 hominibus
766 719 957 786 doen‘ssimis
978 718 1136 808 judicaris

104 845 143 916 in
168 849 234 932 qud
246 843 376 910 difficile
388 853 438 910 est
452 863 645 926 enumerare,
666 853 746 930 quot
767 841 836 922 viri,
858 845 977 930 quanta
991 843 1137 927 scientis,

107 969 292 1052 quantaque
317 963 352 1028 in
374 962 440 1029 suis
462 962 578 1028 studiis
593 962 742 1030 varietrite
755 973 789 1028 et
802 963 906 1050 cupit,
919 963 1038 1030 inerint
1047 989 1058 1046 3
1082 965 1138 1054 qui

106 1086 407 1182 nonuntaliqntin
419 1085 627 1174 reseparatim
639 1087 1137 1176 elabortrint,scdomniu‚quae·

107 1225 248 1298 cnmqne
261 1217 378 1290 essem,
394 1211 443 1274 vel
459 1207 602 1276 scientim
612 1209 891 1296 pervestigatione,
902 1213 953 1274 vcl
964 1211 1138 1276 disserendi

107 1333 232 1400 ratione
257 1331 568 1418 comprehenderint.
610 1331 693 1402 Quis
715 1331 853 1416 ignorat,
875 1333 911 1415 ii,
933 1333 988 1423 qui
1014 1335 1138 1402 mathe-

109 1445 220 1520 matici
235 1462 400 1532 vocantur,
414 1457 533 1538 quanti
547 1451 581 1516 in
596 1453 789 1518 obscuritate
801 1475 917 1534 rerum,
932 1466 964 1520 ct
978 1459 1073 1542 quim
1088 1479 1139 1522 re·

107 1577 242 1644 conditi
262 1575 296 1640 in
318 1586 397 1656 arte,
420 1585 453 1639 et
475 1573 647 1660 multiplici
670 1575 844 1661 subtilique
866 1583 1053 1644 versentur)
1078 1603 1142 1665 qno

111 1711 217 1766 tamen
234 1700 269 1766 iu
282 1720 399 1785 genere
412 1699 459 1764 ita
473 1697 566 1764 multi
582 1697 716 1784 perfecti
733 1699 879 1764 homines
892 1689 1093 1782 crstiterunt,
1105 1710 1142 1767 ut

110 1844 209 1890 nemo
217 1823 284 1914 iere
296 1821 457 1888 studuisse
467 1820 496 1886 ci
507 1821 650 1886 scientiae
658 1821 876 1888 vehementius
885 1822 1037 1906 videatur,
1050 1824 1141 1911 quin,

114 1947 200 2034 quud
224 1945 370 2026 voluerit,
394 1953 586 2013 consecutus
610 1943 666 2028 sit.
709 1945 791 2016 Quis
810 1946 952 2028 musicis,
968 1947 1040 2034 quis
1066 1923 1143 2016 huie

112 2069 222 2136 studio
236 2066 409 2152 literarum,
435 2067 521 2152 qnod
535 2065 726 2151 profitentur
740 2066 774 2150 ii,
794 2069 851 2154 qni
865 2071 1062 2154 grammatici
1084 2093 1142 2138 vo·

112 2203 238 2272 cantur,
262 2190 390 2277 penitus
414 2211 448 2254 se
470 2189 603 2272 dedidit,
628 2190 706 2276 quin
729 2211 857 2256 ornnem
881 2191 1005 2260 illorum
1027 2195 1144 2262 artium

112 2319 208 2402 poue
231 2311 391 2386 infinitam
412 2312 477 2376 vim
497 2320 531 2376 et
545 2313 718 2394 materiam,
742 2313 876 2380 scientill
898 2329 931 2380 ct
953 2319 1146 2403 cogitatione

117 2435 418 2525 comprehenderit?
442 2433 524 2500 Vere
548 2435 627 2500 mihi
641 2435 704 2500 hoc
718 2436 825 2502 videor
838 2459 907 2502 esse
928 2441 1084 2524 dicturus,
1106 2466 1147 2510 ex

118 2561 269 2629 omuibus
284 2559 336 2639 iis,
350 2557 407 2644 qui
422 2556 454 2624 in
467 2558 580 2624 harum
591 2549 707 2624 artium
718 2559 831 2624 studiis
846 2563 1072 2630 liberalissimis
1084 2567 1148 2631 sint

120 2683 335 2770 doctrinisque
349 2681 475 2764 versuti,
490 2653 655 2748 urinimum
669 2683 793 2768 copiam
815 2694 979 2769 poetarum
1002 2689 1148 2770 egregio-

120 2827 193 2874 rum
209 2804 386 2885 exstitisse3
410 2814 506 2890 atque
520 2801 554 2867 in
563 2799 632 2866 hoc
647 2802 717 2888 ipso
732 2823 876 2882 numero,
897 2804 930 2870 in
946 2825 1010 2889 qno
1024 2811 1149 2892 perrari>

121 2928 261 2996 exoritur
275 2927 388 3014 aliquis
404 2927 575 3006 excellens,
589 2923 615 2990 si
630 2923 800 3010 diligenter
813 2936 845 2990 et
860 2947 899 2990 ex
914 2939 1104 3012 nostrorum,
1117 2945 1149 2998 et

123 3053 353 3120 exGraecomm
367 3049 459 3136 copid
468 3069 648 3134 comparare
659 3049 1150 3140 voles,multdtamenpauciores

122 3181 274 3252 oratores,
287 3171 387 3258 quun
401 3177 506 3256 pottoe
520 3169 597 3235 boni
612 3168 818 3256 reperientur.
861 3170 957 3242 Quod
977 3173 1038 3240 hoc
1054 3176 1149 3242 etiam

123 3293 297 3362 mirabilius
312 3292 408 3358 debet
423 3291 531 3372 videri,
546 3291 622 3379 quia
635 3301 819 3358 ceterarum
836 3293 948 3360 artium
965 3295 1070 3362 studia
1085 3299 1151 3366 lere

122 3414 295 3482 reconditis
320 3421 415 3499 atque
435 3411 550 3476 abditis
578 3411 763 3478 efontibus
787 3413 996 3482 hauriuntur:
1024 3415 1151 3484 dicentii

125 3548 231 3606 autem
253 3535 357 3602 omnis
372 3527 502 3600 ratio‘in
517 3535 621 3600 medio
635 3534 751 3620 posita,
774 3537 937 3602 communi
959 3539 1096 3624 quodam
1119 3542 1152 3606 in

127 3681 198 3742 usu,
212 3669 309 3747 atque
324 3659 356 3724 io
372 3657 644 3722 hominnmmorc
659 3667 692 3724 et
707 3681 852 3724 sermone
874 3669 1037 3726 versatur:
1060 3673 1098 3728 ut
1119 3665 1152 3728 in

128 3785 250 3852 ceteris
261 3783 295 3850 id
307 3783 445 3850 maxime
455 3783 602 3864 excellat,
617 3783 702 3870 quod
717 3783 901 3868 longissime
917 3785 959 3850 sit
974 3787 1013 3851 ab
1029 3785 1158 3873 imperi-

129 3917 234 3975 torum
246 3905 460 3993 intelligentis
474 3925 632 3994 sensuque
645 3903 863 3994 disjunctum:
887 3907 1075 3980 indicendo
1098 3931 1155 3980 au-
