2804 4524
518 333 759 404 CICERONE.
1130 341 1153 400 n

154 463 250 582 Quod
264 507 416 594 quo'ninm
429 509 521 574 nobis
533 531 661 595 qnoque
673 507 846 574 voluntatis
855 491 983 590 ¹accidit,
998 495 1037 574 ut
1049 511 1148 574 artem

111 631 236 698 dicendi
259 633 625 718 perscriberemus,‘non
648 653 749 698 unum
773 631 901 719 aliquod
924 629 1150 718 proposuimus

112 751 305 834 exemplum,
332 745 423 834 cujus
446 767 557 813 omnes
572 761 688 835 partes,
713 770 903 834 quoeunque
918 758 1024 812 essent
1043 747 1077 810 in
1091 767 1148 831 ge·

110 893 193 953 nere,
206 865 422 956 exprimendae
438 872 531 936 nobis
544 871 720 938 necessarib
735 871 939 952 viderentur3
963 871 1028 950 sed,
1043 869 1150 935 omni·

111 996 170 1059 bus
197 1015 300 1058 unum
323 993 486 1059 inlocum
509 995 628 1060 conctis
651 993 872 1080 scriptoribus,
903 993 988 1080 qnod
1014 991 1150 1080 quisque

112 1115 369 1182 commodissime
400 1115 573 1204 precipere
601 1117 778 1198 videbatur,
805 1115 1035 1202 excerpsimus,
1056 1123 1089 1180 et
1111 1135 1152 1180 ex

111 1237 205 1304 variis
226 1238 364 1322 ingeniis
379 1239 645 1305 excellentissima
659 1261 794 1326 qumque
814 1239 996 1306 libavimus.
1039 1237 1092 1304 Ex
1111 1235 1150 1302 iis
1233 1229 1236 1235 ’

112 1361 208 1438 enim,
218 1363 273 1448 qni
289 1360 418 1426 nomine
430 1373 463 1427 et
475 1361 626 1426 memoria
639 1362 727 1446 digni
743 1372 830 1442 sunt,
847 1333 1000 1427 nee'nibil
1013 1360 1148 1448 optime,

6 1571 7 1574 Ἴ
113 1503 171 1546 nec
184 1481 294 1546 omnin
304 1473 545 1568 preclarissime
564 1481 732 1567 quisquam
749 1481 851 1546 dicere
866 1481 957 1546 nobis
972 1481 1148 1545 videbatur.

111 1605 312 1690 Quapropter
324 1602 461 1669 stultitia
477 1601 569 1668 nobis
583 1601 649 1666 visu
664 1613 723 1683 est,
739 1611 795 1667 sut
808 1605 827 1666 l
840 1605 923 1666 bene
937 1599 1075 1664 inventis
1090 1599 1148 1663 nli·

114 1723 205 1812 eujus
223 1725 379 1806 recedere,
409 1725 436 1790 si
454 1747 520 1811 quo
534 1725 568 1790 in
583 1725 662 1790 vitio
676 1723 745 1811 ejus
761 1723 1009 1803 offenderemur3
1033 1731 1089 1786 snt
1111 1719 1153 1786 nd

113 1849 188 1912 vitia
200 1869 329 1934 quoque
341 1845 411 1933 ejus
427 1847 587 1925 accedere,
600 1845 649 1933 cuj
656 1868 692 1912 us
705 1845 812 1934 aliquo
824 1837 905 1911 bene
917 1853 1078 1937 praecepto
1089 1825 1153 1909 duss

115 1989 269 2032 ceremur.
290 1967 385 2037 Quod
399 1965 427 2032 si
439 1964 473 2032 in
482 1966 605 2032 coeterls
617 1987 744 2056 qnoque
757 1965 870 2032 studlls
882 1969 900 2030 b
912 1966 1022 2030 multis
1033 1967 1151 2052 eligere

113 2089 259 2154 homines
276 2087 570 2156 commodissimum
590 2091 751 2178 quodque,
773 2095 871 2178 quim
895 2111 963 2155 sese
982 2089 1039 2154 unl
1055 2088 1151 2155 alicui

117 2225 203 2280 certo
211 2213 330 2278 vellent
342 2213 496 2295 addicere,
505 2213 610 2278 minus
620 2213 655 2277 in
667 2213 1069 2308 nrrognntitoti'euderent3
1085 2233 1152 2278 nou

116 2345 279 2423 tantopere
294 2335 328 2399 ln
341 2335 426 2400 vitiis
438 2345 692 2422 perseverarent,
716 2337 880 2424 eliquanto
891 2335 990 2401 levius
1001 2357 1040 2401 ex
1051 2335 1150 2402 insci-

118 2460 204 2526 entin
218 2461 407 2525 laborarent.
452 2461 500 2525 Ac
520 2459 548 2525 si
567 2481 623 2546 par
639 2459 672 2524 ln
687 2457 780 2526 nobis
794 2457 891 2548 hujus
906 2460 993 2540 srtls,
1008 2439 1105 2547 ntipue
1118 2459 1153 2526 in

118 2585 173 2649 illo
185 2584 334 2671 pietntae,
348 2583 483 2650 seientia
495 2573 620 2665 fuisset,
635 2585 768 2650 fortasse
780 2583 882 2670 mogls
896 2583 958 2648 hoe
973 2606 1032 2649 suo
1046 2585 1080 2648 in
1095 2569 1157 2669 gess

119 2728 195 2773 nere
207 2729 286 2794 opus
297 2717 456 2789 nostrum,
467 2705 662 2794 qulm'lllins
675 2707 800 2792 pictura
810 2705 927 2770 nobilis
936 2706 1080 2771 eniteret.
1104 2703 1156 2770 Ex

117 2825 237 2914 majore
251 2829 335 2895 enlm
350 2828 444 2914 cupit
458 2827 561 2908 nobis,
584 2830 679 2914 qulm
695 2827 754 2908 illl,
777 2827 840 2891 luit
854 2827 1073 2912 exemplorum
1093 2823 1152 2892 eli·

116 2949 210 3036 gendi
231 2959 382 3036 potestne.
427 2949 486 3013 Ille
507 2951 573 3014 unt
595 2971 634 3014 cx
650 2951 739 3030 urbe,
754 2955 787 3013 et
802 2969 842 3013 ex
856 2969 894 3014 eo
910 2969 1041 3015 numero
1056 2947 1154 3034 virgi·

119 3093 210 3154 num,
233 3095 306 3160 qum
323 3083 509 3156 tumerent,
534 3072 650 3158 eligere
665 3071 789 3157 potuit:
816 3071 908 3138 nobis
923 3072 1067 3138 omnium
1082 3075 1155 3161 qui-

118 3213 245 3280 cunque
267 3195 412 3274 luerunt,
435 3197 474 3260 ub
497 3193 611 3258 ultlmo
633 3193 792 3281 principio
807 3192 904 3280 hujus
919 3195 1155 3282 preceptionis,

119 3337 219 3404 usqne
231 3316 341 3382 adhoc
353 3325 490 3402 tempus,
501 3317 652 3402 expositis
665 3317 776 3402 copiis,
783 3317 996 3404 quodcunque
1006 3319 1161 3402 placeret,

115 3437 255 3526 eligendi
268 3449 410 3526 potestas
431 3439 506 3504 fuit.
547 3439 595 3504 Ae
610 3449 730 3526 peteres
751 3439 878 3527 quidem
895 3439 1064 3526 scriptores
1080 3439 1155 3505 artis

118 3549 221 3648 ¹usque
235 3559 410 3652 &principe
424 3561 481 3626 illo
492 3571 587 3648 atque
602 3561 765 3645 inventore
775 3563 865 3628 Tisia
877 3563 1039 3648 repetitos,
1054 3570 1162 3629 unum'

118 3685 153 3750 in
164 3685 273 3751 locum
285 3683 647 3766 conduxitAristoteles‚
659 3696 692 3750 et
702 3687 891 3751 nominatim
904 3685 1058 3775 cujusque
1070 3709 1154 3774 prse-

119 3816 214 3892 cepta
223 3811 340 3892 magnb
351 3806 532 3893 conquisita
546 3813 622 3872 euru
632 3807 799 3892 perspicue
815 3807 954 3893 scripsit,
966 3819 1060 3894 utque
1076 3829 1155 3873 eno-

120 3931 194 4002 dau
204 3929 373 4016 diligenter
385 3929 534 4017 exposuit
548 3953 557 4000 t
573 3951 610 3996 ae
622 3934 747 3996 tontum
760 3929 979 3998 inventoribus
991 3929 1070 4018 ipsis
1083 3952 1155 3996 sus·

628 4051 656 4124 C
