2804 4524
523 327 762 398 clenaonu.
1112 337 1153 398 3⁵

117 504 255 589 populo,
272 501 329 568 sed
344 501 541 568 existimator
555 505 668 569 doctus
685 515 717 568 et
743 501 923 587 intelligens
945 513 1053 588 posset
1073 525 1151 590 cog·

112 649 260 692 noscere.
284 627 427 712 Longius
441 637 546 693 autem
561 630 745 714 procedens,
761 639 793 692 et
808 627 977 692 incaeteris
993 629 1151 713 eloquen-

117 749 176 813 tim
203 751 358 834 partibor,
383 761 452 814 tum
466 751 601 816 maxime
626 749 658 814 in
672 751 832 815 eeleritate
856 761 889 814 et
911 750 1151 814 continuatione

120 991 214 1057 tidie.
229 993 298 1057 Nos
311 1003 417 1057 autem
430 1015 493 1058 non
507 994 746 1074 desistebamus,
753 983 924 1058 cumomni
937 1015 1051 1078 genere
1062 1015 1152 1057 exer·

116 1115 292 1195 citationis,
310 1127 380 1179 tum
398 1118 533 1181 maxime
550 1117 636 1196 stilo,
651 1129 794 1180 nostrum
808 1115 888 1180 illud
902 1116 1075 1202 quoderat,
1090 1137 1150 1180 au-

117 1255 207 1318 gere,
220 1245 501 1321 quantumcunque
514 1247 589 1300 erat.
625 1238 732 1320 Atque
759 1219 808 1320 (ut
820 1239 922 1300 multa
933 1235 1091 1318 omittam)
1116 1235 1150 1300 in

118 1357 183 1420 hoc
196 1357 309 1440 spatio,
328 1369 360 1422 et
375 1359 407 1420 in
423 1357 460 1420 iis
475 1369 549 1444 post
566 1359 748 1422 aedilitatem
766 1359 869 1438 annis,
892 1368 923 1422 et
945 1369 1063 1442 praetor
1082 1357 1149 1444 pri·

120 1501 205 1559 mus,
231 1490 262 1544 et
282 1477 459 1545 incredibili
474 1481 619 1566 populari
636 1483 800 1544 voluntate
816 1501 887 1542 sum
903 1483 1019 1546 sactus.
1064 1481 1150 1545 Nam
1217 1505 1219 1510 ’

119 1605 193 1665 edm
221 1609 350 1685 propter
372 1599 589 1664 assiduitatem
611 1600 643 1664 in
665 1599 778 1678 causis,
801 1609 834 1663 et
856 1599 1056 1680 industriam,
1079 1611 1149 1664 tum

116 1733 248 1809 propter
267 1723 465 1808 exquisitim,
491 1733 524 1786 et
547 1721 679 1788 minime
706 1725 834 1806 vulgare
858 1723 1010 1786 orationis
1035 1745 1151 1808 genus,

119 1847 243 1912 animos
257 1846 426 1911 bominum
438 1846 476 1909 ad
490 1867 541 1910 me
555 1846 680 1910 dicendi
696 1845 835 1910 novitate
850 1855 1077 1911 converteram.

160 1969 285 2054 ltaque,
298 1973 369 2033 cum
378 1967 444 2055 jam
457 1974 550 2053 paene
563 1969 742 2032 evanuisset
754 1967 959 2049 HortensiuS,
972 1979 1004 2034 et
1017 1991 1077 2056 ego
1089 1992 1146 2036 an·

117 2114 161 2157 no
183 2113 267 2172 meo,
288 2101 379 2156 serto
401 2103 507 2156 autern
528 2103 601 2178 post
615 2091 706 2156 illum
722 2094 898 2171 consulem,
916 2095 1027 2156 consul
1043 2095 1146 2159 faetus

116 2237 230 2294 essem,
251 2235 395 2278 revocare
419 2235 452 2278 se
475 2214 514 2278 ad
535 2212 722 2278 industriam
742 2213 841 2299 eoepit
853 2239 863 2294 3
888 2237 938 2294 ne,
954 2218 1028 2280 edm
1053 2237 1146 2300 pares

118 2339 238 2404 honore
253 2359 408 2418 essemus,
423 2337 528 2422 aliqua
542 2357 575 2401 re
590 2337 765 2422 superiores
779 2336 967 2402 videremur.
995 2337 1049 2402 Sic
1065 2339 1146 2404 duo-

119 2458 223 2526 decim
243 2471 318 2545 post
338 2481 444 2524 meum
465 2461 665 2524 consulatum
687 2481 787 2523 annos
803 2459 836 2524 in
861 2459 1007 2524 maximis
1033 2461 1148 2542 causis,

120 2587 192 2649 cum
207 2606 268 2668 ego
280 2583 360 2647 mihi
373 2583 475 2662 illum,
489 2582 550 2646 sibi
565 2603 615 2646 me
627 2582 680 2644 ille
692 2583 872 2661 anteferret,
885 2581 1145 2668 conjunctissime

118 2707 229 2772 versati
243 2729 375 2772 sumus:
399 2707 645 2788 consulatusque
660 2727 760 2783 meus,
773 2703 828 2789 qui
843 2704 933 2768 illum
949 2703 1052 2788 primo
1066 2703 1145 2766 tevi-

120 2841 167 2894 ter
179 2829 412 2916 perstrinxerat,
432 2828 517 2892 idem
532 2849 590 2890 nos
605 2847 710 2890 rerum
726 2845 866 2888 mearum
882 2835 1052 2908 gestarum,
1070 2845 1147 2912 quas

120 2953 171 3018 iile
185 2953 408 3033 admirabatur,
431 2951 524 3016 laude
540 2949 759 3036 conjunxerat.
796 2947 948 3013 ‘Maxime
975 2951 1048 3014 verb
1071 2971 1145 3037 per·

119 3087 227 3162 specta
241 3087 290 3140 est
304 3075 467 3159 utriusque
483 3079 627 3138 nostrum
642 3071 834 3152 exercitatio,
847 3073 954 3156 paullo
963 3078 1037 3138 ante
1049 3075 1144 3157 quim

117 3199 316 3284 perterritum
332 3197 426 3262 armis
441 3199 503 3261 hoe
519 3195 671 3276 studium,
694 3195 805 3274 Brute,
824 3204 968 3259 nostrum
992 3195 1146 3260 conticuit

116 3323 233 3402 subito,
248 3333 280 3386 et
295 3321 480 3399 obmutuit;
503 3322 589 3400 eum,
614 3323 683 3402 tege
709 3305 859 3404 Pompeii
874 3319 972 3382 ternis
996 3317 1081 3381 horis
1105 3317 1144 3380 ad

116 3443 286 3510 dicendum
302 3443 395 3524 datis,
410 3443 448 3507 ad
463 3465 571 3508 causas
587 3441 760 3506 simillimas
787 3439 869 3505 inter
894 3463 940 3522 se,
964 3441 1012 3504 vel
1036 3437 1143 3524 potius

116 3568 253 3648 easdem,
270 3565 343 3632 novi
358 3565 560 3630 veniebamus
576 3563 725 3650 quotidie.

160 3689 232 3770 Sed,
256 3691 281 3754 si
295 3687 477 3774 querimus,
500 3709 556 3753 eur
571 3685 752 3751 adolescens
768 3685 868 3770 magis
882 3683 1021 3750 floruerit
1035 3684 1146 3750 dicen·

116 3813 170 3894 do,
182 3816 277 3899 quam
290 3812 397 3878 senior
406 3811 618 3888 Hortensius3
642 3829 751 3874 causas
765 3806 956 3894 reperiemus
969 3807 1144 3872 verissimas

115 3933 194 4001 duas
205 3959 216 4032 γε
240 3933 396 4014 Primum,
410 3933 495 4018 qubd
507 3953 607 4017 genus
621 3939 686 3993 erat
702 3926 852 3996 orationis
865 3925 1054 4011 Asiaticum,
1066 3925 1143 3992 ado·

600 4052 661 4120 Fe
