2724 4494
613 245 664 310 En
686 243 733 310 Μ.
758 239 951 310 VELLEIO

334 639 376 716 Q.
399 635 673 716 METELLUS,
698 637 739 702 P.
764 635 919 704 SCIPIO
941 631 1241 716 AEMiLlANUS¹

596 771 628 824 et
652 759 692 824 L.
716 759 964 828 MUMMIUS.

307 915 369 982 Vix
393 915 487 981 ullius
509 915 627 1002 gentis,
651 915 764 994 stans,
785 915 915 997 ordinis,
940 917 1107 982 hominem
1131 915 1302 992 inveneris,

264 1039 355 1126 cujus
370 1039 553 1110 felicitatem
570 1039 707 1104 fortune
722 1039 848 1106 Metelli
863 1059 1036 1126 compares.
1081 1039 1168 1104 Nam
1185 1053 1301 1126 preter

263 1165 454 1228 excellentes
469 1163 658 1250 triumphos,
672 1163 873 1252 honoresque
893 1163 1115 1250 amplissimos,
1131 1173 1165 1228 et
1181 1163 1298 1249 prinei-

260 1287 331 1372 pnle
347 1286 379 1350 iu
395 1283 557 1372 republict
576 1285 751 1370 festigium,
766 1293 994 1374 extentumque
1009 1285 1083 1352 vitae
1097 1287 1255 1372 spatium,
1270 1299 1299 1348 et

260 1429 348 1474 neres
363 1408 613 1496 innocentesque
626 1429 685 1498 pro
704 1408 867 1496 republint
888 1429 962 1482 cum
982 1407 1120 1476 inimicis
1136 1409 1296 1476 contenti-

258 1553 349 1613 ones,
364 1543 500 1620 quatuor
519 1531 602 1598 filins
626 1531 775 1598 sustulit:
798 1551 911 1596 ornnes
933 1531 1052 1598 adulte
1074 1531 1178 1600 {etatis
1204 1533 1294 1607 vidit,

260 1677 372 1722 ornnes
386 1655 512 1742 reliquit
525 1657 709 1744 superstites
724 1665 757 1720 et
770 1654 1042 1722 honoratissimos.
1085 1655 1215 1722 Mortui
1230 1655 1295 1744 ejus

259 1779 379 1844 lectum
394 1799 452 1866 pro
465 1777 575 1845 rostris
587 1779 785 1847 sustulerunt
796 1788 931 1864 quatuor
944 1777 1020 1843 lilii:
1043 1799 1125 1843 unus
1141 1783 1292 1846 consula·

259 1899 302 1966 ris
317 1909 350 1964 et
363 1900 547 1980 censorius3
569 1901 650 1968 ittet
670 1901 859 1980 consularis5
882 1899 993 1968 tertius
1008 1901 1137 1982 consul;
1161 1917 1293 1987 quartus

259 2022 447 2088 eandidctus
466 2027 662 2106 consulates,
677 2047 772 2112 quern
795 2026 946 2090 bonorem
966 2027 1098 2112 adeptus
1113 2037 1174 2090 cst.
1222 2027 1295 2094 Hoc
1351 2069 1352 2086 r

257 2151 307 2206 est
321 2141 471 2208 nimirum
483 2145 584 2230 nugis
597 2145 732 2212 feliciter
745 2147 784 2210 de
798 2146 864 2212 vitt
879 2145 1022 2232 migrare,
1038 2149 1135 2234 quim
1149 2147 1249 2218 mori.

300 2261 457 2344 Universt
469 2263 584 2330 deinde
599 2265 750 2332 insumit
771 2267 805 2330 in
828 2245 948 2332 bellurn
965 2267 1086 2334 Achait
1103 2265 1210 2354 (cujus
1226 2291 1293 2356 pars

255 2403 372 2474 magns
384 2385 526 2474 ejusdem
537 2387 663 2454 Metelli
673 2387 875 2456 Macedonici
892 2389 1007 2454 virtute
1021 2389 1181 2477 armisque
1195 2393 1291 2458 fracta
1350 2449 1351 2454 ,

257 2513 335 2589 eret)
352 2512 492 2580 mutue
507 2513 681 2580 Corinthiis
704 2513 736 2578 in
760 2535 857 2592 mma,
880 2537 953 2580 eum
977 2515 1125 2600 gravibus
1148 2517 1247 2584 etism
1262 2519 1290 2582 in

255 2627 418 2700 Romus
437 2632 649 2713 contumeliis,
673 2632 918 2718 instigentibus3
952 2635 1129 2700 destinatus
1148 2633 1179 2700 ei
1203 2639 1289 2702 bello

255 2755 393 2838 gerendo
407 2753 530 2822 Consul
547 2754 738 2822 Mummius.
783 2754 826 2820 Et
842 2757 901 2820 sub
924 2755 1007 2820 idem
1022 2767 1160 2841 tempus,
1176 2759 1289 2844 mgis,
1349 2777 1350 2790 ³

255 2879 332 2960 quin
351 2879 501 2944 volebant
517 2877 663 2959 Romani,
679 2878 829 2966 quicquid
852 2879 891 2942 de
907 2878 1224 2962 Carthaginiensibus
1245 2881 1289 2948 eli·

256 3007 389 3080 ceretur,
403 3000 537 3080 credere,
552 3003 648 3084 quim
663 3000 738 3084 quie
762 2999 917 3066 credenda
930 3001 1163 3084 adferebantur,
1179 3005 1288 3070 sunsit
1348 3075 1349 3088 χ

255 3132 384 3186 senatus
412 3121 634 3206 Carthaginem
669 3123 823 3187 excidere.
876 3124 925 3188 lto
949 3125 1060 3190 eodem
1087 3137 1230 3211 ternpore
1257 3127 1289 3192 Ρ.
1348 3097 1349 3108 l

252 3243 362 3330 Scipio
373 3241 577 3322 AEmilicnus,
599 3243 645 3308 vir
667 3238 758 3306 uritis
785 3243 821 3308 l’.
843 3243 996 3324 Africani,
1020 3247 1225 3334 paternisque
1250 3251 1286 3314 L.
1348 3271 1349 3327 i

253 3367 357 3434 Paulli
379 3365 549 3433 virtutibus
573 3367 765 3446 simillimus,
779 3367 929 3438 omnibus
954 3367 1027 3432 belli
1052 3389 1088 3434 ae
1104 3381 1192 3455 togae
1208 3373 1286 3438 doti-

249 3493 321 3569 bus,
332 3493 515 3577 ingeniique
525 3511 560 3555 nc
573 3493 749 3556 studiorum
756 3489 1025 3556 eminentissimus
1038 3492 1149 3556 sreculi
1160 3497 1224 3574 sui,
1234 3495 1284 3582 qui

250 3610 331 3676 nihil
346 3613 379 3677 in
395 3613 460 3676 viu
475 3611 534 3676 nisi
549 3611 741 3676 laudandum
756 3623 811 3676 aut
835 3613 924 3693 iecit,
937 3623 991 3676 nut
1013 3611 1105 3692 dixit,
1121 3634 1159 3680 ne
1174 3617 1284 3690 sensit,

251 3731 434 3798 aedilitatem
445 3745 571 3820 petens,
588 3733 707 3798 Consul
733 3743 856 3798 creatus
872 3743 932 3798 est.
947 3731 1074 3800 Bellum
1090 3733 1284 3820 Carthagini,

251 3851 314 3932 inm
330 3861 402 3920 auth
420 3854 584 3920 biennium
600 3857 616 3918 i
631 3851 787 3940 prioribus
798 3853 994 3918 Consulibus
1010 3851 1159 3935 inlatum,
1171 3853 1286 3941 majore
