2724 4494
256 244 319 305 aaa
563 223 572 240 '
663 241 716 306 m
737 241 869 310 mvro.

253 419 377 478 tantum
391 411 477 478 adid
492 413 587 499 quod,
602 414 674 478 datt
697 435 785 500 paee,
797 413 864 499 jam
879 415 992 483 habete
1008 429 1110 500 potes,
1126 416 1154 480 si
1171 415 1286 503 praelio

253 532 371 614 uineae,
393 535 503 618 gloriae
526 534 690 620 adjeceru3
719 547 871 620 quantum
896 537 1058 616 ademeris,
1083 539 1109 602 ai
1133 539 1217 624 quaid
1232 543 1287 605 ad·

251 655 333 722 versi
346 656 478 722 eveniat.
522 655 624 722 Simul
650 667 738 740 parta
761 677 797 722 ao
821 667 942 740 sperata
960 659 1074 724 decora
1084 659 1185 722 unius
1200 659 1288 724 hono

252 777 379 842 fortuna
401 787 536 842 evertere
565 787 682 860 potest.
728 777 848 842 Omnia
872 777 905 842 iu
928 797 1006 862 pace
1024 776 1196 863 jungenda
1226 793 1288 844 tue

251 899 416 984 potestatis
431 909 516 987 sunt,
534 899 571 962 P.
587 897 733 964 Cornelir
757 911 833 966 tune
848 921 884 963 ea
909 901 1052 966 habenda
1066 901 1202 966 fortuna
1217 903 1282 980 erit,

253 1041 347 1106 quam
364 1021 418 1086 Dii
432 1019 585 1086 dederint.
628 1019 715 1084 Inter
728 1043 828 1105 pauca
851 1019 1008 1084 l'eliritatis
1024 1019 1218 1106 virtutisque
1233 1045 1285 1084 ex-

251 1146 366 1228 empta,
385 1143 435 1208 M.
449 1142 567 1208 Atilius
583 1144 741 1226 quondam
764 1144 798 1208 in
825 1143 882 1208 tte
897 1143 1006 1208 etdem
1023 1147 1105 1208 terra
1119 1145 1284 1222 fluissent

250 1266 349 1338 vietor
363 1287 473 1354 pacem
488 1267 669 1352 putentibus
684 1266 819 1332 dedisset
833 1267 972 1352 patribus
988 1267 1122 1344 nostrin
1145 1268 1206 1334 sed
1222 1289 1283 1332 noo

250 1389 418 1459 statuendo
430 1391 557 1458 tandein
573 1389 714 1454 felicitati
729 1389 869 1466 modum,
880 1409 939 1454 neo
951 1387 1131 1455 cohibendo
1144 1391 1280 1458 efferen-

252 1529 316 1586 tem
326 1520 540 1596 reiortunnur,
551 1518 669 1600 quanto
677 1513 770 1578 attius
779 1515 879 1580 elatus
889 1517 1012 1594 eruum
1022 1515 1140 1582 fedius
1151 1517 1282 1582 corruit.

295 1648 316 1680 “
331 1640 393 1706 Est
407 1640 533 1726 quidem
557 1636 638 1724 ejus,
661 1637 716 1720 qui
740 1635 804 1716 dat,
820 1657 884 1700 non
908 1637 963 1720 qui
976 1637 1067 1722 petit,
1080 1638 1281 1704 conditiones

250 1764 351 1828 dicere
366 1763 451 1850 pacis
459 1785 474 1840 ,-
497 1760 552 1824 sed
573 1759 703 1826 forsitan
729 1781 792 1822 uon
817 1757 941 1842 indigni
963 1758 1075 1838 aimus,
1095 1760 1151 1846 qui
1168 1763 1277 1828 nobis·

249 1885 392 1970 metipaia
407 1885 558 1950 mulctam
580 1881 766 1963 irrogemus.
808 1880 884 1946 Non
903 1901 1098 1961 recusamus,
1113 1883 1197 1968 quin
1212 1907 1278 1950 om·

249 2009 313 2086 nia,
327 2016 455 2092 propter
468 2025 540 2090 quio
562 2003 683 2070 bellurn
706 2002 820 2070 initun
843 2011 901 2082 eat,
928 2011 1031 2071 vestra
1050 2003 1280 2088 sint—Sicilia,

251 2138 404 2220 Sardinia,
431 2135 588 2224 Hispania
600 2160 611 2214 ;
633 2133 782 2220 quiequid
808 2134 982 2200 insularum
1005 2145 1073 2202 toto
1096 2136 1183 2204 inter
1198 2137 1279 2202 Arri-

250 2283 320 2332 nmn
333 2261 518 2344 italiamque
533 2257 715 2322 continetur
728 2257 817 2322 mari.
864 2257 1152 2342 Carthaginienses,
1168 2261 1282 2328 inclusi

247 2387 364 2456 Airieae
389 2381 560 2462 littonltus,
581 2403 636 2446 voa
666 2380 805 2465 (quando
825 2381 870 2446 ita
894 2381 966 2444 Diis
989 2383 1123 2467 placuit)
1150 2395 1278 2450 externi

142 2503 145 2510 ’
248 2509 343 2576 etiam
370 2511 452 2576 tem
477 2505 617 2590 morique
641 2503 803 2568 videamus
823 2515 968 2588 regentes
994 2503 1135 2591 imperia.
1182 2505 1275 2572 Haud

246 2633 438 2720 negaverim,
454 2639 582 2716 propter
596 2649 660 2692 noo
677 2626 770 2692 nimis
786 2627 906 2692 sineere
921 2628 1051 2712 petitam
1068 2639 1125 2694 aut
1140 2649 1274 2714 exspec-

248 2767 346 2824 tatum
361 2775 460 2842 nuper
479 2773 600 2840 pacem,
615 2761 792 2836 suspectam
816 2771 884 2814 esse
899 2749 987 2814 vobis
1003 2749 1156 2814 Punicam
1172 2751 1275 2818 fidem.
1342 2809 1343 2850 ;

249 2879 404 2955 Multum,
419 2895 568 2961 perquoa
591 2873 689 2960 petita
712 2873 764 2950 eit,
780 2873 818 2936 ad
840 2871 934 2936 fldem
958 2871 1084 2936 tuendte
1105 2873 1193 2957 pacit
1208 2839 1288 2960 per·¹
1342 2901 1343 2980 l

248 2999 342 3076 tinet,
363 2995 482 3082 Scipio,
526 2993 630 3060 Vestri
652 3013 777 3082 quoque
803 2999 851 3078 (ut
873 2993 978 3072 audio)
1003 2993 1107 3058 Patres
1131 2995 1274 3061 nonnihil

249 3121 342 3188 attan
358 3121 399 3186 ob
412 3117 485 3196 hoo,
499 3117 572 3202 quia
587 3121 695 3202 parlim
721 3115 883 3200 dignitatis
900 3115 929 3178 in
955 3115 1112 3200 legatione
1128 3131 1206 3199 erat,
1223 3141 1276 3184 ue-

247 3251 398 3329 garemot
412 3259 533 3326 paoem.
578 3239 715 3302 Annibal
740 3247 814 3322 peto
837 3259 966 3322 pacem:
990 3237 1042 3322 qni
1066 3259 1171 3322 neque
1187 3253 1273 3326 pete-

246 3387 324 3444 rem,
341 3363 401 3428 niai
418 3363 529 3428 utilem
549 3360 705 3428 crederem
716 3381 731 3438 ·,
749 3370 781 3424 et
801 3370 929 3445 propter
952 3361 1083 3426 eandem
1108 3363 1273 3428 utilitatem

243 3493 451 3567 melioratam,
467 3493 701 3572 propterquam
716 3483 803 3568 petii.
849 3485 891 3548 Et
905 3481 1184 3568 quemadmodum,
1199 3489 1268 3574 quia

243 3617 329 3676 tarne
345 3611 464 3674 beilum
478 3617 620 3692 ereptum
639 3617 700 3684 est,
715 3627 755 3668 ne
776 3625 869 3688 quem
890 3603 956 3690 ejus
971 3607 1153 3690 poenitetet,
1168 3609 1268 3694 quoad

247 3727 307 3814 ipsi
322 3727 462 3792 invidere
476 3727 549 3806 Dei,
564 3725 719 3812 preastitit
742 3725 786 3790 ita
807 3725 939 3804 annitar,
956 3747 995 3790 ne
1009 3747 1104 3821 qtrern
1118 3731 1206 3814 pacis
1220 3749 1273 3816 per

247 3871 299 3929 rue
314 3859 410 3948 portae
426 3847 613 3934 poeniteat,”
