2750 4510
242 253 306 342 'ns
374 359 380 378 1
652 244 705 326 ab
727 259 860 326 nrvro.

243 437 389 502 excessit.
426 434 464 500 ln
481 433 693 515 Postumium,
709 437 811 522 primt
826 435 860 500 in
875 433 943 498 acie
957 453 1033 496 suos
1056 431 1289 499 adhortantem

243 557 528 642 instruentemque,
542 555 734 640 Tarquinius
751 555 925 641 Superbus,
941 573 1121 638 quanquam
1138 549 1208 637 jam
1233 573 1289 616 re-

243 691 309 750 tate
324 689 356 744 et
370 679 489 750 viribus
504 687 570 742 erat
581 677 716 762 gravior,
732 699 851 763 equum
866 677 1002 740 infestus
1016 673 1159 740 admisit:
1176 673 1290 738 ictus-

245 826 307 892 que
323 807 362 868 ab
375 807 481 880 latere,
492 823 650 866 concursu
665 823 795 866 suorum
812 811 959 886 receptus
976 800 1008 863 in
1026 809 1131 863 tutum
1148 809 1211 864 est.
1234 798 1289 862 Et

250 924 438 988 adnitemur
456 943 554 986 cornu
569 920 721 986 AEbutius
737 921 888 1006 magister
905 919 1048 1011 equitum
1063 919 1096 982 in
1109 917 1289 998 Octavium

245 1045 427 1111 Mamilium
444 1043 599 1130 impetum
616 1045 762 1108 dederat:
794 1067 854 1108 neo
869 1043 985 1108 fefellit
1006 1041 1136 1113 veniens
1150 1041 1287 1106 Tuscu·

241 1169 356 1232 ianum
371 1167 483 1230 ducem
494 1146 514 1246 3¹
528 1177 638 1230 contra
653 1189 747 1252 quem
763 1177 795 1228 et
811 1166 864 1229 ilie
880 1166 1018 1230 concitat
1034 1185 1163 1249 equum.
1190 1162 1286 1226 Tan·

244 1299 342 1376 taque
375 1291 422 1352 vis
450 1289 574 1356 infestis
596 1290 793 1354 venientium
826 1289 926 1380 hastis
951 1291 1024 1366 fuit,
1050 1297 1087 1350 ut
1113 1285 1286 1350 brachium

246 1413 382 1480 AEbutio
397 1413 564 1500 trajectum
579 1415 631 1492 sit,
647 1414 794 1478 Mamilio
809 1425 921 1499 pectus
937 1433 1134 1498 percussum.
1181 1411 1287 1476 Huno
1362 1431 1363 1440 ³

240 1535 376 1620 'quidem
400 1535 434 1599 in
459 1535 629 1602 secundam
655 1535 754 1598 aciem
781 1531 888 1598 Latini
917 1535 1071 1617 recepere.
1116 1529 1285 1610 AEbutius,
1362 1541 1363 1562 ¹

248 1681 346 1746 quum
364 1661 470 1723 saucio
486 1657 614 1722 brachio
631 1667 737 1720 tenere
759 1659 859 1720 telum
876 1679 939 1720 non
956 1667 1073 1741 posset,
1092 1661 1204 1740 pugub
1227 1677 1285 1719 es·¹

238 1783 353 1854 'cessit
398 1779 533 1845 Latinus
562 1780 638 1857 dux,
668 1779 748 1842 nihil
778 1779 946 1842 deterritus
970 1781 1112 1858 vulnere,
1136 1777 1286 1864 praelium
1362 1793 1363 1860 t

248 1900 332 1968 ciet:
349 1909 391 1978 et,
402 1899 476 1986 quia
490 1921 564 1962 suos
580 1901 740 1984 perculsos
755 1899 891 1980 videbat,
907 1899 1036 1964 arcessit
1049 1901 1214 1966 cohortem
1228 1921 1285 1966 ex-
1362 1925 1363 1988 ᾖ

241 2027 355 2094 'sulum
383 2022 612 2102 Romanorum,
637 2021 689 2086 oui
708 2023 748 2086 L.
762 2023 927 2109 Tarquinii
948 2023 1031 2090 filius
1045 2035 1191 2110 preerat.
1237 2023 1288 2090 Ea

175 2149 188 2173 ‘
247 2147 313 2233 qub
343 2141 460 2230 majore
489 2145 651 2228 pugnabat
681 2143 726 2207 ird
755 2147 796 2208 ob
827 2155 933 2230 erepta
959 2147 1055 2224 bona,
1084 2143 1286 2232 patriamque
1362 2211 1363 2220 ¹

247 2267 438 2353 ademptam,
451 2287 592 2351 pugnam
607 2287 776 2351 parumper
791 2267 941 2332 restituit.

234 2409 240 2418 ·
291 2367 515 2453 Referentibus
533 2383 602 2472 jam
617 2386 728 2470 pedem
745 2387 783 2448 ab
800 2393 837 2450 ct
852 2397 940 2472 parte
958 2385 1120 2467 Romanis,
1145 2385 1196 2451 M.
1219 2385 1288 2450 Va·.
1362 2377 1363 2384 ἵ

246 2511 356 2591 letius,
371 2509 545 2576 Publicoiae
558 2511 664 2589 frater,
681 2509 882 2596 conspicatus
896 2513 1033 2576 ferocem
1044 2509 1196 2596 juvenem
1203 2511 1289 2576 Tar-

250 2638 397 2726 quinium
412 2615 628 2704 ostentantem
643 2659 676 2700 sc
692 2637 723 2700 in
738 2637 842 2721 primii
856 2639 1002 2702 exsulum
1018 2637 1096 2717 acic,
1110 2637 1290 2704 domestica

249 2763 344 2828 etiam
360 2763 459 2846 gloria
474 2783 638 2842 accensus,
651 2757 758 2836 subdit
774 2762 906 2841 calearia
921 2783 1015 2848 equo,
1028 2775 1060 2826 et
1071 2761 1286 2860 Tarquinium

249 2891 367 2956 infesto
382 2893 505 2976 spiculo
520 2893 611 2978 petit.
647 2891 841 2977 Tarquinius
864 2906 947 2970 retro
971 2893 1004 2957 in
1021 2898 1138 2980 agmen
1152 2914 1288 2959 suornm
1362 2935 1363 2938 =

233 3013 375 3079 ‘insenso
390 2991 484 3078 cessit
500 3015 594 3078 hosti.
628 3015 801 3094 Valerium,
821 3021 938 3094 temere
963 3017 1123 3080 invectum
1139 3017 1171 3082 in
1187 3039 1287 3081 exsu-

250 3137 317 3200 lum
333 3133 443 3212 aciem,
468 3155 508 3196 es
536 3145 712 3200 transverso
728 3135 856 3222 quidam
872 3139 999 3206 adortus
1022 3137 1202 3226 transfigit:
1226 3161 1289 3203 nec

248 3258 418 3347 quicquam
434 3255 548 3342 equitis
564 3261 693 3324 vulnere
709 3282 792 3346 equo
805 3261 971 3340 retardato,
988 3261 1198 3328 moribundus
1215 3263 1286 3328 Ro·

251 3405 377 3462 manus‚
392 3379 571 3446 labentibus
596 3403 691 3466 super
709 3405 823 3469 corpus
839 3383 944 3465 armis,
960 3387 1000 3450 ad
1015 3395 1127 3450 terram
1144 3385 1291 3452 defluxit.

250 3503 398 3568 Dictator
408 3501 603 3581 PostumiuS,
613 3515 779 3588 postquam
789 3505 941 3569 cecidisse
954 3509 1048 3571 talem
1063 3505 1177 3587 virum,
1191 3531 1289 3573 exsu-

250 3623 296 3686 les
323 3622 470 3687 ferociter
487 3623 584 3688 citato
605 3623 732 3707 agmine
753 3620 870 3704 invehi,
889 3647 963 3690 suos
982 3629 1143 3712 perculsos
1163 3629 1287 3709 cedere,

251 3743 490 3824 animadvertit3
515 3745 636 3812 cohorti
660 3769 739 3824 sure,
765 3767 859 3832 quam
881 3747 1035 3814 delectam
1052 3770 1183 3814 manum
1200 3775 1286 3838 prae-

252 3863 321 3950 sirlii
337 3867 432 3930 eausd
448 3867 530 3932 circa
546 3889 578 3934 se
593 3867 742 3948 habebat,
758 3867 811 3933 dat
824 3855 968 3954 signum,
981 3881 1027 3952 ut,
1044 3893 1140 3958 quem
1156 3863 1288 3938 suorum
