2804 4524
259 281 304 340 ⁸2
623 271 677 336 Β»
696 265 747 335 Μ.
768 265 936 336 nuntio

304 439 460 510 Doctrlnb
481 440 605 512 Graecia
625 465 683 507 nos
698 452 730 508 et
749 441 837 508 omni
852 432 1011 508 literarum
1026 447 1141 526 genere
1155 461 1287 530 supera·

259 569 331 647 bat3
346 565 380 630 in
392 587 456 650 quo
468 576 533 632 erat
547 563 639 630 facile
651 564 774 630 vincere
787 587 852 630 non
863 573 1088 649 repugnantes.
1111 563 1193 630 Nam
1208 568 1287 634 cbm

257 688 342 776 apud
355 689 485 754 Grecos
496 684 749 769 antiquissimum
761 692 779 752 e
791 685 893 750 doctls
904 685 945 750 sit
957 707 1058 770 genua
1068 695 1232 771 poetarum
1245 688 1291 770 (ei

262 808 390 896 quidem
403 807 563 876 Homerus
578 805 648 884 luit,
658 817 691 874 ot
702 805 863 874 Hesiodus
878 815 951 870 ante
967 805 1101 872 &mem
1111 806 1291 886 conditam,
1386 805 1387 818 ¹

262 926 481 1004 Archilochus,
506 935 657 1010 regnante
683 925 834 1007 Romulo)
863 925 961 990 aerlbs
981 925 1139 1010 poeticam
1161 947 1218 992 noa
1233 947 1293 990 ee·

263 1047 416 1134 cepimus.
460 1045 562 1112 Annis
585 1045 670 1110 euim
692 1049 755 1110 lere
781 1065 891 1112 ccccx
916 1055 989 1132 post
1017 1045 1151 1110 Romam
1176 1045 1294 1110 coadi-

260 1179 338 1252 tam,
362 1169 472 1236 Livius
495 1171 632 1236 fabulam
657 1169 754 1250 dedit,
788 1167 826 1234 C.
857 1167 1001 1250 Claudio,
1024 1167 1110 1236 Coeoi
1138 1167 1216 1250 filio,
1237 1165 1293 1237 Μ.
1387 1209 1388 1254 3

262 1289 434 1370 Tuditano,
465 1289 661 1370 consulibus,
687 1311 772 1356 anno
794 1297 866 1354 ante
892 1297 1003 1353 natum
1035 1285 1200 1352 Ennium:
1233 1287 1295 1374 qai

265 1411 327 1480 tuit
349 1410 448 1500 major
462 1423 550 1492 natu,
574 1413 670 1504 qulun
683 1409 814 1482 Plautus
829 1421 862 1475 et
875 1409 1019 1480 Naevins.
1063 1409 1141 1474 Serb
1156 1407 1253 1498 igitur
1272 1413 1297 1482 ἢ

265 1536 380 1604 nostris
395 1545 499 1622 poeta
521 1537 571 1602 vel
585 1535 706 1636 cogniti
725 1537 773 1600 vel
789 1533 917 1620 recepti.
960 1535 1151 1620 Quanquam
1165 1543 1214 1598 est
1233 1531 1296 1600 in*
1388 1585 1389 1606 ,

263 1659 448 1748 Originibus
463 1659 573 1756 politos
588 1681 656 1724 ease
670 1658 703 1722 in
719 1657 819 1742 epulis
835 1677 946 1725 canere
972 1655 1118 1722 convivae
1144 1655 1185 1722 ad
1213 1655 1294 1725 tibi·

265 1784 370 1850 cinem
396 1783 434 1846 de
458 1783 611 1850 claromm
637 1777 803 1842 hominum
828 1777 1009 1846 virtutibus.
1054 1779 1219 1847 Honorem
1239 1789 1295 1846 ta-

266 1921 339 1968 men
366 1899 440 1972 buic
455 1899 562 1984 generi
585 1919 651 1963 noa
675 1898 785 1980 luisse,
811 1897 946 1968 declarat
961 1900 1062 1970 oratio
1088 1899 1230 1984 Catonia,
1256 1899 1295 1974 iu

265 2025 329 2107 qut
353 2017 482 2106 objecit,
496 2029 532 2084 ut
545 2020 706 2106 probrum,
724 2019 836 2083 Marco
849 2018 1020 2102 Nobiliori,
1036 2019 1120 2107 qubd
1131 2019 1157 2088 is
1170 2020 1203 2086 in
1216 2041 1295 2110 pron

267 2140 403 2208 vinciam
417 2150 526 2228 poetas
545 2139 696 2208 duxisset.
738 2141 883 2212 Duxerat
906 2154 1012 2212 autem
1039 2145 1152 2214 consul
1177 2143 1231 2212 ille
1259 2143 1298 2216 in

266 2264 431 2346 AEtoliam,
446 2273 483 2329 ut
498 2263 625 2344 scimus,
647 2263 802 2338 Ennlum.
847 2266 920 2338 Qut
943 2265 1049 2332 minua
1074 2287 1148 2352 ergo
1162 2265 1295 2336 bonoria

265 2399 332 2454 erat
345 2387 458 2476 poetis,
473 2389 511 2452 eb
524 2387 645 2456 minora
659 2386 762 2454 studia
776 2389 916 2479 fuerunt.
959 2389 1029 2454 Nec
1053 2400 1172 2471 maren,
1191 2388 1219 2454 si
1236 2387 1296 2476 qui

264 2511 387 2598 magnis
401 2510 536 2599 ingeniis
550 2511 584 2576 in
596 2531 635 2579 eo
646 2532 761 2596 genere
773 2509 973 2592 exstiterunt,
988 2533 1053 2580 nou
1068 2511 1143 2584 satis
1158 2511 1294 2582 Gram-

264 2655 335 2702 rum
350 2633 459 2721 gloriae
474 2633 713 2724 responderunt.

306 2759 358 2826 An
373 2777 552 2838 censemus,
567 2755 594 2820 ai
608 2755 719 2838 ratio,
731 2755 927 2824 nobilissimo
939 2755 1072 2837 homini,
1087 2756 1171 2824 laudi
1183 2757 1295 2832 datum

273 2889 368 2959 esset,
394 2881 479 2966 qubd
497 2881 652 2970 pingeret,
667 2902 730 2945 non
746 2883 863 2946 multon
878 2881 973 2946 etiam
988 2879 1071 2966 apud
1089 2901 1148 2946 nos
1169 2882 1297 2948 futuros

266 2997 443 3086 Polycletus
457 3009 490 3064 et
505 2999 683 3069 Parrhasios
697 3001 794 3069 fuisse
808 3003 820 3064 l
844 3000 959 3066 Honos
978 3001 1034 3066 alit
1048 3013 1141 3086 artes,
1162 3025 1295 3072 omues-

268 3143 330 3210 que
349 3119 563 3189 incenduntur
585 3123 625 3188 ad
638 3121 742 3192 studia
758 3121 880 3208 gloria,
899 3119 1070 3212 jacentque
1095 3148 1133 3192 ea
1157 3147 1292 3216 semper,

267 3267 339 3334 quae
362 3243 444 3334 apud
459 3266 599 3332 quosque
623 3245 851 3334 improbantur.
894 3247 1059 3316 Summam
1082 3249 1293 3322 eruditionem

268 3369 373 3436 Graeci
396 3367 487 3434 sitam
503 3373 674 3436 censebant
695 3369 728 3434 in
749 3391 914 3436 nervorum
937 3395 1113 3460 vocumque
1133 3373 1293 3444 cantibus.

268 3489 370 3582 lgltnr
392 3501 424 3557 et
446 3463 693 3578 Epaminondas,
715 3490 872 3583 princeps,
895 3513 969 3556 meo
988 3491 1122 3582 judicio,
1145 3493 1293 3576 Graeciae,

306 3675 326 3716 *
339 3679 383 3738 M.
395 3679 495 3740 Porcii
508 3679 633 3752 Cutoeir,
644 3681 681 3739 de
692 3683 792 3760 quibu
802 3679 861 3744 Cic.
871 3683 901 3744 in
909 3685 1004 3745 Bruto
1010 3711 1020 3746 .·
1035 3693 1058 3724 “
1068 3685 1137 3746 Jcm
1148 3685 1210 3745 verb
1225 3683 1292 3746 on·-

259 3782 726 3878 quacumoqmflormmr
735 3799 811 3888 qaod
817 3799 908 3866 lm
917 3798 1084 3886 eloquentia
1093 3821 1146 3862 nan
1155 3799 1295 3872 bobeul'f
