2804 4524
136 302 139 311 ¹
245 313 288 370 so
601 301 655 368 m
677 301 727 369 u.
749 283 918 370 sunnio

241 473 357 540 onibus
369 471 513 538 maximis
524 485 726 542 consecutus.
770 475 852 542 Rem
865 476 1135 562 complectebatur
1149 498 1270 543 merno-

242 595 329 677 riter,
343 593 500 664 dividebat
514 601 627 678 acutd3
655 621 716 663 nec
729 597 990 684 praetermittebat
1005 599 1070 664 feri.
1086 599 1271 686 quidquam,

242 717 329 806 quod
340 729 424 785 essct
438 719 471 785 in
484 723 590 800 cause,
604 729 659 784 aut
674 721 713 785 ad
728 717 992 800 confirmandum,
1004 731 1059 786 aut
1071 721 1109 785 ad
1122 721 1273 786 refellen·
1332 723 1342 740 ⁸

245 841 343 908 dum:
366 865 428 908 vox
447 861 561 906 canora
580 851 613 906 et
636 841 752 908 suavis.
797 840 908 906 Motus
923 852 955 907 et
970 853 1078 927 gestus
1093 843 1187 908 etiarn
1201 845 1275 930 plus

246 963 320 1030 artis
336 964 483 1042 habebat,
507 963 602 1046 quim
618 971 683 1026 erat
697 961 812 1026 oratori
826 961 913 1025 satis.
958 961 1033 1026 Hoc
1049 961 1146 1046 igitur
1159 963 1273 1028 flores·

243 1092 348 1162 cente,
360 1082 491 1148 Crassus
503 1091 551 1148 est
564 1091 718 1162 mortuus,
731 1081 827 1148 Cotta
837 1083 959 1168 pulsus,
966 1080 1088 1169 judicia
1099 1071 1280 1156 inte‘rmisse

247 1205 343 1288 bello,
357 1227 417 1272 nos
432 1205 466 1270 in
482 1205 586 1270 forum
599 1203 755 1272 venimus.

288 1455 353 1520 Sed
367 1475 418 1520 me
433 1453 671 1542 cupidissimum
687 1451 833 1519 audiendi
855 1451 976 1540 primus
999 1452 1089 1518 dolor
1109 1449 1282 1538 percussit,

249 1579 345 1644 Cotta
358 1581 431 1646 edm
446 1587 495 1643 est
506 1580 669 1666 expulsus.
692 1577 845 1664 Reliquos
858 1577 1039 1662 frequenter
1051 1575 1179 1642 audiens
1192 1595 1282 1640 acer-

245 1699 327 1770 rimo
341 1697 445 1764 studio
456 1699 597 1764 tenebar.
620 1689 833 1782 Quotidieque
845 1707 878 1761 et
893 1695 1047 1779 scribens,
1062 1705 1096 1761 et
1110 1697 1230 1780 legens,
1244 1705 1281 1760 et
1298 1767 1303 1778 ,

246 1827 476 1894 commentans,
491 1813 632 1881 oratoriis
655 1818 780 1881 tantdm
803 1815 1081 1882 exercitationibus
1104 1825 1278 1882 contentus

246 1959 312 2004 non
326 1959 422 2004 eram.
459 1935 532 2022 Ego
547 1947 665 2018 autem,
675 1935 756 2024 jmis
772 1935 872 2004 civilis
886 1937 1002 2020 studio,
1017 1941 1155 2004 multum
1171 1959 1278 2026 operm

247 2061 360 2126 dabam
383 2061 448 2131 Qu.
473 2061 637 2141 Scoevolae,
662 2059 699 2126 P.
723 2061 760 2126 F.
784 2061 839 2148 qui
860 2083 1040 2148 quanquam
1055 2061 1175 2128 nemini
1189 2061 1281 2128 sead

247 2183 427 2256 docendum
441 2183 545 2266 dabat,
561 2193 679 2266 nmen,
703 2183 944 2252 consulentibus
958 2185 1188 2272 respondendo,
1210 2195 1281 2252 stu-

246 2308 353 2374 diosos
377 2307 526 2374 audiendi
546 2307 693 2376 docebat.
736 2307 842 2394 Atque
858 2307 932 2374 huie
947 2329 1031 2374 anno
1045 2307 1190 2394 proximo
1207 2311 1280 2374 edne

232 2431 391 2518 *princeps
417 2429 597 2500 Academias
622 2429 716 2497 Philo
741 2453 816 2498 oum
842 2431 1087 2498 Atheniensium
1115 2430 1279 2518 optimati·

243 2556 304 2620 bns
319 2551 537 2619 Mithridatico
551 2555 636 2620 bello
651 2553 746 2618 domo
768 2551 971 2640 profugisset,
995 2553 1194 2638 Romamque
1220 2573 1277 2617 ve-

244 2675 356 2755 nisset,
369 2684 474 2743 totum
488 2673 517 2739 ei
532 2695 582 2740 me
597 2673 719 2755 tradidi,
742 2673 916 2740 admirabili
930 2673 1066 2760 quodem
1082 2673 1121 2742 ad
1133 2671 1277 2760 philoso-

246 2797 354 2886 phiam
377 2797 483 2864 studio
506 2797 703 2883 concitatum
724 2797 838 2884 inquo
859 2797 921 2862 hoc
947 2795 1042 2862 etiam
1067 2797 1283 2862 commorabar

248 2917 413 2998 attentius,
435 2917 531 3004 qubd,
547 2917 607 2983 etsi
621 2937 726 2984 rerum
741 2917 879 3004 ipsarum
898 2917 1029 2984 varietas
1044 2925 1077 2982 et
1095 2913 1281 3000 magnitudo

249 3040 373 3114 summi
387 3059 438 3102 me
462 3038 671 3112 delectatione
685 3037 852 3118 retinebat,
875 3046 982 3102 mmeu
996 3037 1121 3102 sublata
1130 3033 1198 3120 jam
1210 3055 1280 3100 esse
1399 3079 1400 3088 η

248 3158 282 3224 iu
296 3169 484 3246 perpetuum
499 3160 578 3226 ratio
589 3159 782 3248 judiciorum
796 3157 970 3224 videbatur.
1014 3157 1182 3224 Occiderat
1203 3157 1282 3224 Sul·

242 3281 344 3370 picius
357 3281 413 3348 illo
427 3303 522 3362 anno,
545 3293 669 3370 tresque
689 3281 836 3370 proximo
858 3281 953 3348 trium
979 3291 1110 3347 astatum
1133 3290 1272 3346 oratores
1363 3319 1373 3338 ·
1399 3281 1400 3366 l

248 3415 338 3470 erent
358 3403 573 3472 crudelissime
592 3405 761 3485 interfecti,
786 3405 852 3476 Qu.
869 3405 1027 3485 Catulus‚'
1042 3405 1091 3469 Μ.
1107 3395 1282 3484 Antonium

248 3525 287 3592 C.
301 3527 421 3594 Julius.
464 3527 589 3594 Eodem
615 3551 699 3594 auno
725 3529 821 3595 etiam
848 3527 974 3594 Moloni
1007 3527 1132 3600 ltbodio
1168 3519 1281 3600 Romae
1399 3523 1400 3538 ¹

248 3649 391 3714 dedimus
406 3673 544 3738 operam,
567 3641 599 3717 et
613 3653 711 3718 actori
726 3673 853 3720 summo
867 3671 1042 3733 causarum,
1065 3659 1097 3716 et
1116 3651 1281 3736 magistro.

249 3771 333 3839 Haec
354 3772 470 3838 idcirco
492 3779 511 3838 b
532 3797 583 3841 me
605 3777 818 3862 proferuntur,
840 3783 877 3839 ut
899 3783 1044 3838 nostrum
1064 3793 1192 3838 cursum
1206 3795 1282 3859 pcr-
1399 3825 1400 3836 ,

250 3891 380 3992 spicere,
395 3894 544 3992 quoniam
559 3895 699 3984 voluisti,¹
721 3897 831 3980 Brute,
853 3894 968 3984 possis,
990 3905 1024 3968 et
1044 3892 1148 3965 videre
1167 3915 1282 3983 quem-r
