2804 4524
264 825 440 901 Pnomu.
466 813 814 894 manuascae.
841 815 1006 895 Qunsr.

119 1063 256 1185 CUM
278 1105 504 1172 defensionum
522 1106 696 1186 laboribus,
711 1105 938 1192 senatoriisque
954 1107 1149 1200 muneribus,

117 1245 179 1298 aut
199 1233 339 1314 omnine,
358 1241 413 1306 aut
434 1235 549 1315 magna
574 1250 613 1295 ex
627 1227 716 1318 parte
731 1253 832 1296 essem
848 1232 1015 1324 aliquando
1038 1235 1148 1300 libera-

119 1369 190 1437 tus,
215 1355 309 1420 retuli
331 1378 393 1434 me,
418 1354 529 1433 Brute,
552 1365 585 1418 te
603 1323 750 1428 hortante
765 1324 910 1436 maximep
934 1358 971 1421 ad
988 1379 1024 1421 ea
1038 1358 1151 1438 studia,

119 1497 197 1562 quae
212 1486 333 1539 retenta
346 1474 464 1552 animo,
490 1472 620 1545 remissa
641 1473 845 1558 temporibus,
870 1477 965 1558 longo
989 1476 1152 1540 intervallo

120 1596 303 1665 intermissa
334 1593 489 1668 revocavi.
532 1593 673 1658 Etcum
700 1593 842 1657 omnium
867 1594 993 1676 artium,
1020 1618 1091 1680 quae
1116 1596 1155 1670 ad

120 1731 243 1788 rectam
257 1717 382 1794 vivendi
395 1718 478 1782 viam
492 1716 694 1802 pertinerent,
714 1718 793 1782 ratio
808 1727 840 1781 et
854 1717 1027 1802 disciplina,
1051 1693 1155 1791 studio

122 1841 300 1928 sapientiae,
315 1863 386 1925 quae
401 1839 603 1926 philosophia
616 1837 743 1918 dieitur,
762 1837 976 1903 contineretur
985 1863 995 1918 ;
1019 1839 1080 1914 hoe.
1094 1839 1156 1903 mi..

126 1957 163 2024 lri
178 1957 301 2022 Latinis
314 1957 413 2020 literis
429 1957 650 2035 illustrandum
664 1955 785 2050 putavi,
828 1955 905 2020 Non
923 1956 998 2041 quia
1010 1958 1154 2046 philoso-

125 2075 205 2164 phia
220 2077 339 2141 Graecis
367 2087 399 2140 et
421 2077 519 2153 literis
536 2087 567 2141 et
582 2076 765 2141 doctoribus
791 2076 912 2164 percipi
935 2100 1001 2142 non
1026 2089 1154 2164 posset;

113 2201 184 2279 'sed
199 2221 305 2268 meum
317 2197 473 2285 judicium
489 2221 613 2285 semper
627 2200 699 2281 fuit,
723 2201 830 2264 omnia
846 2212 971 2266 nostros
992 2214 1046 2268 aut
1069 2203 1156 2267 inve-

126 2323 213 2390 nisse
227 2345 283 2410 per
297 2345 330 2387 se
344 2291 525 2408 sapientius,
541 2327 636 2409 quim
659 2323 811 2404 Graecos3
834 2335 888 2388 aut
902 2335 1030 2410 accepta
1041 2328 1080 2390 ab
1095 2325 1157 2392 illis

128 2445 244 2514 fecisse
260 2445 398 2540 meliora,
417 2467 487 2532 quae
506 2445 632 2531 quidem
654 2447 750 2530 digna
771 2446 965 2540 statuissent,
989 2448 1022 2514 in
1044 2450 1158 2536 quibus

131 2572 339 2642 elaborarent,
518 2541 522 2548 Ι

177 2699 262 2776 Nam
289 2719 393 2765 mores
417 2707 450 2762 et
473 2699 619 2764 instituta
634 2698 708 2763 vltae
722 2721 833 2784 resque
847 2697 1034 2762 domesticas
1057 2720 1094 2762 ac
1112 2700 1159 2762 fa-

132 2821 269 2888 miliares
292 2844 350 2887 nos
373 2821 514 2908 prolectb
529 2830 561 2884 et
576 2819 688 2885 melius
704 2831 829 2885 tuemur
852 2831 884 2884 et
907 2819 1034 2884 lautius.
1078 2821 1161 2886 Rem

135 2945 208 3008 vero
222 2942 383 3029 publicam
399 2941 500 3008 nostri
516 2939 647 3029 majores
662 2945 745 3006 certe
762 2939 944 3006 melioribus
969 2953 1162 3030 temperare·

135 3071 211 3127 runt
232 3053 267 3128 et
291 3041 445 3140 institutis
463 3074 495 3129 et
509 3063 645 3148 legibus.
682 3061 767 3144 Quid
789 3063 898 3150 loquar
912 3063 951 3128 de
965 3085 997 3128 re
1013 3064 1162 3132 militari?

138 3183 173 3258 in
199 3191 263 3269 qut
282 3189 355 3250 ebrn
378 3186 494 3274 virtute
524 3183 624 3251 nostri
647 3189 784 3250 multum
804 3188 981 3268 valuerunt,
1004 3198 1074 3252 tum
1093 3190 1165 3272 plus

139 3308 233 3374 etiam
248 3308 424 3394 disciplina.
467 3307 541 3377 Jam
563 3309 627 3390 illa,
649 3332 721 3395 que
736 3315 859 3392 naturl,
880 3333 945 3377 non
959 3310 1056 3374 literis
1081 3331 1165 3384 asse-

123 3431 206 3497 'cuti
222 3445 311 3509 sunt,
328 3455 430 3519 neque
445 3454 518 3497 eum
534 3405 666 3514 GraecisJ
693 3457 794 3520 neque
809 3436 875 3498 ullu
889 3455 963 3508 cum
977 3445 1072 3518 gente
1092 3445 1168 3512 sunt

143 3557 342 3620 conferenda.
374 3529 456 3626 Qum
471 3555 557 3620 enim
572 3567 659 3620 tanta
672 3557 816 3641 gravitas,
831 3580 904 3644 quae
919 3545 1006 3622 tanta
1018 3565 1168 3622 constan«.

141 3677 195 3759 tia,
210 3679 396 3761 magnitudo
410 3679 518 3760 animi,
532 3679 682 3766 probitas,
697 3679 785 3758 fides,
799 3702 871 3765 quae
885 3689 949 3742 tam
964 3679 1120 3744 excellens
1136 3679 1169 3742 in

123 3821 126 3829 ·
145 3799 234 3864 omni
247 3821 363 3884 genere
375 3800 475 3868 virtus
489 3801 524 3870 ia
538 3800 613 3872 ullis
626 3802 698 3882 tait,
713 3813 750 3867 ut
762 3801 802 3866 sit
818 3821 892 3882 eum
905 3799 1076 3887 majoribus
1091 3803 1167 3871 no*

147 3917 201 3998 trie
218 3921 450 4024 comparanda?
