2750 4510
261 186 363 294 no'
618 224 929 318 murnum

258 395 342 485 quod
366 395 534 482 Magnum,
558 399 643 484 quod
665 401 827 466 Oceanum
853 399 1016 486 appellatis
1032 399 1063 464 in
1079 399 1190 464 terrisr
1213 395 1283 484 qui

256 541 362 598 tamen
378 545 467 600 tanto
482 535 621 616 nomine,
636 541 730 623 quim
746 538 786 602 sit
800 559 923 622 parvus,
938 536 1035 602 vides.

262 671 265 679 “
296 649 348 716 Ex
362 653 411 718 iris
426 653 501 738 ipsis
515 655 609 720 cultis
624 657 768 740 notisque
790 657 891 736 terris,
913 677 990 720 uum
1012 666 1067 720 aut
1089 666 1192 736 tuum,
1216 665 1282 720 aut

254 770 439 860 cujusquam
462 782 602 842 nostrum
625 799 753 858 nomen,
781 781 830 842 vel
853 778 1028 842 Caucasum
1054 777 1150 857 hunc,
1171 797 1279 862 quern

129 911 133 918 '
253 896 365 976 cernis,
380 899 727 984 transcenderepotuit,
747 900 899 964 velillum
915 900 1060 984 Gangem
1081 901 1273 964 transnare?

250 1016 331 1088 Quis
353 1017 385 1082 in
411 1019 550 1105 reliquis,
577 1021 705 1088 orientis
725 1032 780 1086 aut
795 1021 941 1088 obeuntis
962 1022 1048 1103 solis,
1069 1022 1189 1088 ultimis
1212 1032 1273 1088 aut

249 1135 403 1222 aquilonis
418 1139 552 1204 austrive
567 1141 717 1227 partibas,
732 1154 822 1207 tuum
846 1163 962 1206 nomen
984 1141 1112 1208 audiet?
1136 1141 1268 1212 Quibus

250 1257 430 1342 amputfis,
442 1261 543 1324 cernis
554 1263 707 1348 profecti),
716 1263 840 1348 quantis
853 1263 885 1327 iu
896 1261 1048 1347 angustiis
1058 1263 1273 1347 vestragloria

251 1401 285 1443 se
299 1379 421 1446 dilatari
434 1383 520 1448 velit.

293 1511 358 1596 Ipsi
373 1485 489 1590 autern,
512 1509 565 1596 qui
580 1510 619 1574 de
634 1479 721 1574 iobis
743 1512 924 1594 loquuntur,
939 1511 1033 1592 quim
1049 1507 1104 1572 diu
1128 1509 1266 1594 loquen-

250 1637 322 1700 tur?
347 1633 541 1712 Quinetiam,
556 1632 583 1694 si
601 1631 706 1716 cupiat
719 1633 821 1714 proles
837 1631 890 1694 illa
905 1633 1082 1694 futurorum
1097 1629 1267 1698 hominum

249 1757 396 1840 deinceps
411 1755 516 1818 laudes
532 1750 781 1836 uniuscujusque
797 1757 950 1834 nostrum,
965 1750 1135 1837 ipatribns
1148 1775 1266 1840 accep·
1368 1799 1369 1846 1

247 1888 305 1956 tas,
320 1875 452 1960 posteris
462 1875 603 1958 prodere,
617 1885 723 1938 tamen
739 1883 865 1960 propter
885 1875 1045 1939 eluviones
1065 1875 1268 1942 exustiones·

243 2018 305 2083 que
319 2007 481 2076 terrarum,
495 2017 572 2081 quas
583 1995 723 2062 accidere
735 2005 874 2082 tempore
888 2007 972 2062 certo
984 2017 1112 2062 neeesse
1125 2009 1186 2080 est,
1196 2019 1266 2064 non

247 2119 341 2186 madir
364 2141 429 2184 non
453 2129 613 2198 aternam,
639 2119 692 2182 sed
715 2141 755 2182 ne
776 2119 957 2184 diuturnam
980 2119 1107 2205 quidem
1129 2120 1265 2206 glorium

246 2242 371 2327 assequi
384 2263 563 2327 possumus.

293 2363 493 2434 Quidautem
507 2361 648 2440 interest,
669 2364 708 2426 ab
732 2361 780 2442 iis,
802 2361 856 2446 qui
878 2375 988 2446 postca
1002 2373 1180 2444 nascentur,
1194 2387 1264 2430 ser-

246 2509 371 2558 monem
384 2489 450 2552 fore
464 2487 503 2551 de
517 2497 559 2566 te,
571 2489 643 2551 clun
658 2488 697 2548 ab
713 2485 750 2550 iis
771 2488 876 2550 nullus
898 2485 1004 2565 fuerit,
1027 2487 1082 2570 qai
1096 2491 1167 2550 ante
1195 2489 1266 2554 nati

243 2609 307 2674 sint
318 2634 329 2690 ;
356 2607 410 2694 qui
433 2629 491 2670 nee
504 2605 678 2692 pauciores,
700 2613 733 2668 et
754 2607 838 2670 certe
861 2603 1003 2670 meliores
1026 2607 1155 2668 fuerunt
1175 2605 1259 2672 viril

246 2733 318 2797 curn
332 2727 505 2818 prasertim
521 2726 604 2812 apud
618 2747 671 2788 eos
695 2724 792 2810 ipsos,
813 2727 832 2787 d
852 2725 966 2810 quibus
982 2713 1259 2792 nomen'nostmm
1367 2773 1368 2788 r

242 2857 349 2932 potest
363 2845 474 2924 audiri,
489 2865 582 2908 nemo
597 2841 690 2908 unius
702 2847 721 2884 *i
731 2841 844 2926 Magni
858 2840 933 2904 autri
947 2841 1129 2908 memoriam
1147 2865 1264 2910 conm-

242 2963 299 3056 qui
320 2963 429 3048 possit.

285 3087 440 3156 Quocirca
455 3085 481 3148 si
497 3085 629 3152 reditum
646 3085 678 3150 in
693 3087 778 3150 hunc
794 3087 898 3150 iocum
913 3084 1132 3172 desperaveris,
1146 3085 1180 3150 in
1195 3107 1259 3174 quo

240 3213 347 3283 omnia
360 3225 433 3278 sunt
451 3213 573 3298 maguis
590 3225 624 3278 et
636 3213 859 3298 praestantibns
882 3213 954 3278 viris
964 3237 975 3293 3
998 3214 1109 3298 quanti
1132 3215 1258 3310 taudem

292 3375 311 3412 ⁴*
328 3373 463 3434 Homines
472 3373 650 3450 populariter
663 3371 778 3432 Annum
794 3375 980 3432 tantummodi
993 3377 1060 3434 tolie
1073 3377 1167 3437 reditu
1181 3380 1260 3438 raeti·

246 3500 350 3548 antur:
372 3489 432 3546 cira
448 3499 540 3545 antem
559 3485 597 3543 ad
615 3485 700 3553 idern,
724 3487 797 3544 vnde
814 3489 900 3544 cernel
916 3489 1049 3565 profecta
1062 3501 1140 3558 ruat,
1160 3505 1260 3550 cuneta

244 3613 320 3662 arna
334 3600 476 3670 redierint,
488 3599 658 3678 eandemque
671 3601 756 3658 totius
769 3601 832 3658 creti
846 3599 1054 3676 descriptionem
1070 3604 1165 3680 longis
1174 3607 1257 3662 iater-

242 3713 327 3786 acilia
338 3713 495 3784 retulerint,
509 3725 566 3772 trem
578 3713 628 3772 ille
638 3716 700 3772 veri
714 3727 821 3772 vertera
830 3713 934 3772 Annae
943 3713 1084 3790 appellari
1090 3728 1194 3790 potest.
1214 3717 1256 3774 Ie·

242 3809 296 3912 qve
306 3826 497 3888 cancellorum
507 3847 574 3906 quor
584 3847 852 3887 rocarnnsannarvm
866 3829 1173 3905 1285400nrpleetitnr.
1199 3831 1258 3892 Cic.
1366 3863 1367 3900 ;
