2804 4524
517 301 757 380 cicERO‘NE'.
1108 329 1145 386 er

164 489 326 555 Permulta
346 495 417 552 tum
431 487 707 552 vehementissimis
729 487 936 554 contentione
957 489 1067 571 animi,
1092 489 1145 596 in:

116 611 218 698 genii,
232 611 358 692 virium,
377 613 416 676 ab
438 629 477 676 eo
499 610 583 676 dicta
603 633 671 675 esse
691 613 1032 694 constabat3sentent'
1108 641 1147 681 uc

118 756 202 816 eam,
216 755 320 820 quum
346 743 473 798 senatus
495 735 642 818 frequens
665 744 792 798 secunus
815 705 1031 814 est,'ornatiss·
1116 752 1148 804 et

117 855 311 944 gravissimis
329 855 443 935 verbis,
465 859 488 894 “
503 854 549 921 Ut
562 858 682 941 populo
697 855 841 922 Romano
867 857 1041 939 satisfieret,
1111 885 1148 925 n-

117 983 144 1018 “
159 999 255 1066 quam
271 981 398 1042 senatus
413 997 516 1062 neque
531 975 698 1040 consilium
711 977 905 1062 reipublice,
926 1001 1029 1065 neque
1097 1005 1147 1054 em
1208 959 1213 964 Ι

118 1107 143 1142 “
156 1100 331 1180 defuisse,''
358 1099 450 1162 abeo
465 1097 600 1162 dictam:
628 1110 661 1164 et
675 1099 810 1166 eundem
832 1101 876 1185 (id
890 1081 975 1188 quod
989 1103 1022 1168 in
1038 1115 1147 1169 aucto-

119 1223 264 1288 ritatibus
279 1217 468 1308 prescriptis
491 1223 605 1304 exstat)
631 1221 796 1286 scribendo
810 1223 958 1290 adfuisse.
1001 1225 1061 1290 illa
1076 1221 1147 1294 tun-

121 1369 215 1434 quam
227 1365 344 1431 cycnea
358 1344 419 1410 fnit
432 1343 529 1408 divini
543 1342 682 1426 hominis
697 1365 760 1410 vox
780 1357 813 1410 et
834 1347 1150 1436 oratio,quamqu2,51

120 1479 335 1556 expectantes,
355 1477 427 1554 post
441 1465 509 1552 ejus
525 1465 686 1530 interitum
701 1467 902 1534 veniebamus
918 1472 950 1535 in
966 1473 1093 1556 curium,
1115 1489 1151 1541 ur

1 1651 2 1654 ,
120 1587 288 1672 vestigium
304 1583 382 1650 illud
403 1584 519 1670 ipsum,
543 1583 576 1648 in
601 1603 666 1668 quo
683 1583 737 1648 ille
759 1591 953 1670 postremum
970 1589 1147 1672 institisset,

120 1723 353 1780 contueremur.
397 1709 543 1793 Namque
566 1719 635 1772 tum
657 1710 739 1772 lntrrs
754 1707 784 1772 ei
799 1709 916 1775 dicenti
938 1711 1148 1796 condoluisse,

119 1834 330 1916 sudoremque
343 1830 480 1894 multum
492 1837 697 1894 consecutum
709 1849 789 1907 esse,
800 1829 1022 1908 audiebamus:
1037 1857 1075 1901 ex
1087 1857 1150 1924 quo

121 1961 196 2024 cum
212 1953 437 2031 cohorruisset,
450 1971 523 2016 curn
539 1948 620 2014 febri
634 1948 763 2014 domum
777 1950 879 2032 rediit,
894 1953 1005 2039 dieque
1018 1959 1151 2043 septimo

122 2075 291 2148 est'lsceris
305 2075 413 2140 dolore
429 2081 648 2160 consumptus.
681 2078 686 2086 '

167 2181 365 2268 Ofnliacem
387 2197 554 2263 bominum
577 2197 677 2282 spem,
700 2199 904 2286 fragilemque
928 2205 1099 2288 fortunam,
1121 2217 1153 2273 et

123 2329 234 2396 inanes
259 2335 381 2391 nostras
407 2310 647 2400 cobtentidnes3
670 2343 741 2407 quae
767 2323 800 2388 in
827 2324 931 2396 medio
956 2329 1057 2415 spatio
1071 2333 1155 2418 s'oepe

124 2453 315 2534 franguntur
337 2454 369 2510 et
390 2451 551 2524 corruunt,
573 2453 606 2508 et
621 2447 692 2508 unte
715 2443 839 2529 inipso
862 2467 955 2512 cursu
970 2451 1156 2532 obmuntur‚

122 2576 220 2660 quim
259 2578 386 2656 portum
422 2565 602 2652 conspicere
641 2569 834 2655 potuemnt!
873 2569 968 2650 Nam,
1006 2559 1155 2658 quamdiu

124 2691 230 2762 Crassi
244 2693 316 2772 fruit,
331 2688 511 2756 ambitionis
525 2690 644 2786 labore,
659 2689 723 2754 vita
736 2689 887 2770 districta,
910 2693 1029 2756 tamdiu
1051 2695 1155 2779 priva-

126 2817 183 2882 tis.
196 2813 295 2900 magis
325 2809 447 2891 officiis,
473 2821 506 2874 et
534 2807 654 2892 ingenii
680 2808 772 2872 laude
794 2809 910 2889 floruit,
933 2815 1028 2896 quim
1050 2815 1156 2882 fructu

101 2981 106 2991 ·
125 2937 352 3027 amplitudinis,
366 2943 420 3000 ant
434 2931 615 3018 reipublice
631 2929 793 3016 dignitate.
838 2933 903 3004 Qui
925 2945 1031 3002 autem
1056 2938 1085 3003 ei
1100 2961 1156 3006 nn.

125 3084 187 3129 nus
201 3061 334 3148 primus
360 3059 400 3122 ab
425 3057 582 3120 honorum
608 3051 828 3140 perfunctione
856 3053 987 3136 aditum,
1012 3061 1154 3128 omniurn

132 3205 299 3261 concessu,
319 3179 357 3244 ad
372 3197 526 3244 summam
546 3177 763 3242 auctoritatem
787 3175 891 3259 dabat,
906 3178 932 3244 is
949 3179 1017 3268 ejus
1031 3203 1159 3250 omnem

126 3323 228 3394 spem,
241 3311 336 3387 atque
350 3297 456 3364 omnia
468 3297 542 3362 vitre
557 3295 698 3376 consilia,
714 3309 815 3363 morte
828 3299 985 3388 pervertit.
1008 3301 1082 3370 linit
1097 3305 1158 3370 hoc

127 3430 310 3494 luctuosum
323 3423 400 3503 suis,
412 3423 559 3486 acerbum
575 3421 695 3506 patriae,
706 3441 799 3504 grave
810 3423 902 3487 bonis
917 3422 1087 3488 omnibus:
1104 3427 1160 3492 sed
1176 3497 1180 3508 ¹

129 3546 272 3613 litamen
288 3541 514 3629 rempublicam
529 3561 620 3604 cesus
635 3539 736 3606 secuti
748 3551 833 3620 sunt,
845 3552 881 3606 ut
896 3541 975 3605 mihi
990 3565 1054 3608 non
1069 3565 1160 3633 erep-

129 3681 162 3734 ta
175 3671 214 3736 L.
228 3669 341 3734 Crasso
351 3670 372 3732 i
382 3663 441 3730 diis
456 3662 687 3730 inmortalibus
700 3663 774 3744 vitu,
792 3663 847 3728 sed
861 3663 977 3730 donata
991 3687 1076 3732 mors
1091 3689 1160 3734 esse

129 3791 281 3856 videatur.
325 3789 403 3854 Non
428 3785 506 3853 vidit
520 3791 702 3871 fiagrantem
717 3787 802 3853 bello
816 3785 952 3870 ltaliam,
969 3810 1035 3854 non
1050 3791 1161 3857 arden-

128 3922 195 3982 tem
210 3908 327 3978 invidia
340 3919 497 3999 sonetum,
519 3928 583 3976 non
607 3908 731 3974 sceleris
747 3907 856 3974 nefarii
878 3909 1034 3996 principes
1055 3909 1165 3976 civite·
