<?xml version="1.0" encoding="UTF-8"?>
<!DOCTYPE html PUBLIC "-//W3C//DTD XHTML 1.0 Transitional//EN"
    "http://www.w3.org/TR/xhtml1/DTD/xhtml1-transitional.dtd">
<html xmlns="http://www.w3.org/1999/xhtml" xml:lang="en" lang="en">
 <head>
  <title>
</title>
<meta http-equiv="Content-Type" content="text/html;charset=utf-8" />
  <meta name='ocr-system' content='tesseract 3.04.00' />
  <meta name='ocr-capabilities' content='ocr_page ocr_carea ocr_par ocr_line ocrx_word'/>
</head>
<body>
  <div class='ocr_page' id='page_1' title='image "./scriptoresroman01unkngoog_0058.png"; bbox 0 0 2804 4524; ppageno 0'>
   <div class='ocr_carea' id='block_1_1' title="bbox 512 293 1146 382">
    <p class='ocr_par' dir='ltr' id='par_1_1' title="bbox 512 293 1146 382">
     <span class='ocr_line' id='line_1_1' title="bbox 512 293 1146 382; baseline 0.017 -10"><span class='ocrx_word' id='word_1_1' title='bbox 512 293 756 378; x_wconf 72' lang='lat' dir='ltr'><strong>dldunorlll.</strong></span> <span class='ocrx_word' id='word_1_2' title='bbox 1103 309 1146 382; x_wconf 80' lang='grc'><strong>47</strong></span> 
     </span>
    </p>
   </div>
   <div class='ocr_carea' id='block_1_2' title="bbox 108 479 1152 4124">
    <p class='ocr_par' dir='ltr' id='par_1_2' title="bbox 116 479 1147 794">
     <span class='ocr_line' id='line_1_2' title="bbox 126 479 1147 573; baseline 0.003 -23"><span class='ocrx_word' id='word_1_3' title='bbox 126 491 234 562; x_wconf 68' lang='lat' dir='ltr'><strong>estet,</strong></span> <span class='ocrx_word' id='word_1_4' title='bbox 256 479 342 569; x_wconf 85' lang='lat' dir='ltr'><strong>quod</strong></span> <span class='ocrx_word' id='word_1_5' title='bbox 357 479 420 546; x_wconf 88' lang='lat' dir='ltr'><strong>hoc</strong></span> <span class='ocrx_word' id='word_1_6' title='bbox 435 492 577 569; x_wconf 87' lang='lat' dir='ltr'><strong>tempore</strong></span> <span class='ocrx_word' id='word_1_7' title='bbox 593 504 660 549; x_wconf 91' lang='lat' dir='ltr'><strong>non</strong></span> <span class='ocrx_word' id='word_1_8' title='bbox 675 495 726 550; x_wconf 84' lang='lat' dir='ltr'><strong>eat</strong></span> <span class='ocrx_word' id='word_1_9' title='bbox 740 503 881 550; x_wconf 80' lang='lat' dir='ltr'><strong>neeesse.</strong></span> <span class='ocrx_word' id='word_1_10' title='bbox 919 479 1029 570; x_wconf 79' lang='lat' dir='ltr'><strong>ltaque</strong></span> <span class='ocrx_word' id='word_1_11' title='bbox 1042 485 1147 573; x_wconf 86' lang='lat' dir='ltr'><strong>priva·</strong></span> 
     </span>
     <span class='ocr_line' id='line_1_3' title="bbox 119 605 1146 694; baseline 0.002 -21"><span class='ocrx_word' id='word_1_12' title='bbox 119 611 162 673; x_wconf 88' lang='lat' dir='ltr'><strong>ho</strong></span> <span class='ocrx_word' id='word_1_13' title='bbox 177 607 271 672; x_wconf 90' lang='lat' dir='ltr'><strong>illum</strong></span> <span class='ocrx_word' id='word_1_14' title='bbox 282 605 389 692; x_wconf 79' lang='lat' dir='ltr'><strong>polida</strong></span> <span class='ocrx_word' id='word_1_15' title='bbox 401 605 510 672; x_wconf 86' lang='lat' dir='ltr'><strong>debito</strong></span> <span class='ocrx_word' id='word_1_16' title='bbox 523 605 720 688; x_wconf 78' lang='lat' dir='ltr'><strong>testimonio,¹</strong></span> <span class='ocrx_word' id='word_1_17' title='bbox 731 609 830 694; x_wconf 77' lang='lat' dir='ltr'><strong>quim</strong></span> <span class='ocrx_word' id='word_1_18' title='bbox 841 605 872 673; x_wconf 91' lang='lat' dir='ltr'><strong>id</strong></span> <span class='ocrx_word' id='word_1_19' title='bbox 884 627 958 674; x_wconf 88' lang='lat' dir='ltr'><strong>cum</strong></span> <span class='ocrx_word' id='word_1_20' title='bbox 969 612 1040 674; x_wconf 80' lang='lat' dir='ltr'><strong>med</strong></span> <span class='ocrx_word' id='word_1_21' title='bbox 1053 608 1146 678; x_wconf 80' lang='lat' dir='ltr'><strong>leude</strong></span> 
     </span>
     <span class='ocr_line' id='line_1_4' title="bbox 116 727 367 794; baseline -0.008 0"><span class='ocrx_word' id='word_1_22' title='bbox 116 727 367 794; x_wconf 79' lang='lat' dir='ltr'>communicem.</span> 
     </span>
    </p>

    <p class='ocr_par' dir='ltr' id='par_1_3' title="bbox 108 847 1149 2786">
     <span class='ocr_line' id='line_1_5' title="bbox 161 847 1147 937; baseline 0.002 -21"><span class='ocrx_word' id='word_1_23' title='bbox 161 847 238 931; x_wconf 87' lang='lat' dir='ltr'>Sed,</span> <span class='ocrx_word' id='word_1_24' title='bbox 251 871 325 936; x_wconf 80' lang='lat' dir='ltr'><strong>quae</strong></span> <span class='ocrx_word' id='word_1_25' title='bbox 338 849 483 937; x_wconf 84' lang='lat' dir='ltr'><strong>populari</strong></span> <span class='ocrx_word' id='word_1_26' title='bbox 495 849 597 936; x_wconf 75' lang='lat' dir='ltr'><strong>gloria</strong></span> <span class='ocrx_word' id='word_1_27' title='bbox 610 849 751 916; x_wconf 83' lang='lat' dir='ltr'><strong>decorari</strong></span> <span class='ocrx_word' id='word_1_28' title='bbox 762 850 796 915; x_wconf 92' lang='lat' dir='ltr'><strong>in</strong></span> <span class='ocrx_word' id='word_1_29' title='bbox 809 851 948 917; x_wconf 80' lang='lat' dir='ltr'><strong>Lucullo</strong></span> <span class='ocrx_word' id='word_1_30' title='bbox 958 849 1147 936; x_wconf 84' lang='lat' dir='ltr'><strong>debuerunt,</strong></span> 
     </span>
     <span class='ocr_line' id='line_1_6' title="bbox 116 973 1147 1044; baseline 0.004 -4"><span class='ocrx_word' id='word_1_31' title='bbox 116 995 156 1040; x_wconf 84' lang='lat' dir='ltr'><strong>ea</strong></span> <span class='ocrx_word' id='word_1_32' title='bbox 177 975 244 1040; x_wconf 76' lang='lat' dir='ltr'><strong>fere</strong></span> <span class='ocrx_word' id='word_1_33' title='bbox 267 983 344 1040; x_wconf 84' lang='lat' dir='ltr'><strong>eunt</strong></span> <span class='ocrx_word' id='word_1_34' title='bbox 364 985 397 1040; x_wconf 90' lang='lat' dir='ltr'><strong>et</strong></span> <span class='ocrx_word' id='word_1_35' title='bbox 421 973 544 1042; x_wconf 68' lang='lat' dir='ltr'><strong>Gracia</strong></span> <span class='ocrx_word' id='word_1_36' title='bbox 565 973 663 1041; x_wconf 74' lang='lat' dir='ltr'><strong>literis</strong></span> <span class='ocrx_word' id='word_1_37' title='bbox 676 985 710 1042; x_wconf 88' lang='lat' dir='ltr'><strong>et</strong></span> <span class='ocrx_word' id='word_1_38' title='bbox 722 974 845 1042; x_wconf 71' lang='lat' dir='ltr'><strong>meinis</strong></span> <span class='ocrx_word' id='word_1_39' title='bbox 865 977 1033 1044; x_wconf 79' lang='lat' dir='ltr'><strong>celebrata.</strong></span> <span class='ocrx_word' id='word_1_40' title='bbox 1076 979 1147 1044; x_wconf 83' lang='lat' dir='ltr'><strong>Noa</strong></span> 
     </span>
     <span class='ocr_line' id='line_1_7' title="bbox 108 1099 1145 1191; baseline 0.004 -27"><span class='ocrx_word' id='word_1_41' title='bbox 108 1111 225 1166; x_wconf 84' lang='lat' dir='ltr'><strong>autem</strong></span> <span class='ocrx_word' id='word_1_42' title='bbox 240 1099 294 1164; x_wconf 88' lang='lat' dir='ltr'><strong>illa</strong></span> <span class='ocrx_word' id='word_1_43' title='bbox 305 1101 468 1182; x_wconf 76' lang='lat' dir='ltr'>exteriora,</span> <span class='ocrx_word' id='word_1_44' title='bbox 479 1123 552 1167; x_wconf 89' lang='lat' dir='ltr'><strong>eum</strong></span> <span class='ocrx_word' id='word_1_45' title='bbox 564 1101 674 1168; x_wconf 87' lang='lat' dir='ltr'><strong>multla</strong></span> <span class='ocrx_word' id='word_1_46' title='bbox 681 1123 693 1184; x_wconf 77' lang='lat'><em>3</em></span> <span class='ocrx_word' id='word_1_47' title='bbox 715 1101 786 1168; x_wconf 78' lang='lat' dir='ltr'><strong>hnc</strong></span> <span class='ocrx_word' id='word_1_48' title='bbox 800 1101 959 1185; x_wconf 84' lang='lat' dir='ltr'><strong>interiora,</strong></span> <span class='ocrx_word' id='word_1_49' title='bbox 976 1125 1050 1168; x_wconf 90' lang='lat' dir='ltr'><strong>eum</strong></span> <span class='ocrx_word' id='word_1_50' title='bbox 1066 1123 1145 1191; x_wconf 53' lang='lat' dir='ltr'><strong>pau*</strong></span> 
     </span>
     <span class='ocr_line' id='line_1_8' title="bbox 116 1223 1145 1313; baseline 0.005 -24"><span class='ocrx_word' id='word_1_51' title='bbox 116 1223 637 1311; x_wconf 78' lang='lat' dir='ltr'><strong>eia,exipaoraepeeognorimua.</strong></span> <span class='ocrx_word' id='word_1_52' title='bbox 671 1224 795 1313; x_wconf 87' lang='lat' dir='ltr'><strong>Majore</strong></span> <span class='ocrx_word' id='word_1_53' title='bbox 809 1227 895 1292; x_wconf 86' lang='lat' dir='ltr'><strong>enim</strong></span> <span class='ocrx_word' id='word_1_54' title='bbox 907 1225 1012 1294; x_wconf 81' lang='lat' dir='ltr'><strong>studio</strong></span> <span class='ocrx_word' id='word_1_55' title='bbox 1023 1229 1145 1294; x_wconf 84' lang='lat' dir='ltr'><strong>Lucul-</strong></span> 
     </span>
     <span class='ocr_line' id='line_1_9' title="bbox 113 1347 1139 1436; baseline 0.006 -26"><span class='ocrx_word' id='word_1_56' title='bbox 113 1347 166 1411; x_wconf 83' lang='lat' dir='ltr'><strong>lus</strong></span> <span class='ocrx_word' id='word_1_57' title='bbox 187 1349 264 1412; x_wconf 44' lang='lat' dir='ltr'><strong>weum</strong></span> <span class='ocrx_word' id='word_1_58' title='bbox 286 1347 374 1412; x_wconf 90' lang='lat' dir='ltr'><strong>omni</strong></span> <span class='ocrx_word' id='word_1_59' title='bbox 388 1347 547 1414; x_wconf 83' lang='lat' dir='ltr'><strong>literarum</strong></span> <span class='ocrx_word' id='word_1_60' title='bbox 562 1348 682 1432; x_wconf 76' lang='lat' dir='ltr'><strong>generi,</strong></span> <span class='ocrx_word' id='word_1_61' title='bbox 705 1359 775 1414; x_wconf 91' lang='lat' dir='ltr'><strong>tum</strong></span> <span class='ocrx_word' id='word_1_62' title='bbox 788 1347 1000 1436; x_wconf 66' lang='lat' dir='ltr'><strong>philosophie</strong></span> <span class='ocrx_word' id='word_1_63' title='bbox 1015 1350 1139 1416; x_wconf 84' lang='lat' dir='ltr'><strong>deditur</strong></span> 
     </span>
     <span class='ocr_line' id='line_1_10' title="bbox 114 1469 1149 1557; baseline 0.003 -22"><span class='ocrx_word' id='word_1_64' title='bbox 114 1469 190 1550; x_wconf 86' lang='lat' dir='ltr'><strong>init,</strong></span> <span class='ocrx_word' id='word_1_65' title='bbox 204 1471 312 1557; x_wconf 77' lang='lat' dir='ltr'><strong>quam,</strong></span> <span class='ocrx_word' id='word_1_66' title='bbox 327 1469 383 1557; x_wconf 88' lang='lat' dir='ltr'><strong>qui</strong></span> <span class='ocrx_word' id='word_1_67' title='bbox 396 1471 488 1536; x_wconf 89' lang='lat' dir='ltr'><strong>illum</strong></span> <span class='ocrx_word' id='word_1_68' title='bbox 502 1471 702 1556; x_wconf 76' lang='lat' dir='ltr'><strong>ignorabant,</strong></span> <span class='ocrx_word' id='word_1_69' title='bbox 713 1472 952 1538; x_wconf 83' lang='lat' dir='ltr'><strong>arbitrabantur.</strong></span> <span class='ocrx_word' id='word_1_70' title='bbox 989 1473 1060 1537; x_wconf 84' lang='lat' dir='ltr'><strong>Nee</strong></span> <span class='ocrx_word' id='word_1_71' title='bbox 1076 1475 1149 1540; x_wconf 78' lang='lat' dir='ltr'><strong>vero</strong></span> 
     </span>
     <span class='ocr_line' id='line_1_11' title="bbox 115 1591 1147 1680; baseline -0.001 -20"><span class='ocrx_word' id='word_1_72' title='bbox 115 1595 250 1660; x_wconf 82' lang='lat' dir='ltr'><strong>ineunte</strong></span> <span class='ocrx_word' id='word_1_73' title='bbox 264 1603 358 1660; x_wconf 80' lang='lat' dir='ltr'><strong>aetate</strong></span> <span class='ocrx_word' id='word_1_74' title='bbox 379 1595 495 1674; x_wconf 76' lang='lat' dir='ltr'><strong>solum,</strong></span> <span class='ocrx_word' id='word_1_75' title='bbox 517 1592 574 1672; x_wconf 80' lang='lat' dir='ltr'><strong>aed</strong></span> <span class='ocrx_word' id='word_1_76' title='bbox 594 1603 628 1658; x_wconf 87' lang='lat' dir='ltr'><strong>et</strong></span> <span class='ocrx_word' id='word_1_77' title='bbox 649 1603 789 1678; x_wconf 80' lang='lat' dir='ltr'><strong>quaestor</strong></span> <span class='ocrx_word' id='word_1_78' title='bbox 803 1591 925 1680; x_wconf 79' lang='lat' dir='ltr'><strong>aliquot</strong></span> <span class='ocrx_word' id='word_1_79' title='bbox 939 1611 1050 1674; x_wconf 79' lang='lat' dir='ltr'><strong>annos,</strong></span> <span class='ocrx_word' id='word_1_80' title='bbox 1066 1596 1147 1660; x_wconf 88' lang='lat' dir='ltr'><strong>etin</strong></span> 
     </span>
     <span class='ocr_line' id='line_1_12' title="bbox 119 1713 1147 1804; baseline -0.004 -20"><span class='ocrx_word' id='word_1_81' title='bbox 119 1718 191 1804; x_wconf 81' lang='lat' dir='ltr'><strong>ipro</strong></span> <span class='ocrx_word' id='word_1_82' title='bbox 204 1717 315 1784; x_wconf 79' lang='lat' dir='ltr'><strong>bello:</strong></span> <span class='ocrx_word' id='word_1_83' title='bbox 337 1716 370 1782; x_wconf 90' lang='lat' dir='ltr'><strong>in</strong></span> <span class='ocrx_word' id='word_1_84' title='bbox 386 1735 451 1803; x_wconf 89' lang='lat' dir='ltr'><strong>quo</strong></span> <span class='ocrx_word' id='word_1_85' title='bbox 465 1715 510 1782; x_wconf 86' lang='lat' dir='ltr'><strong>ita</strong></span> <span class='ocrx_word' id='word_1_86' title='bbox 524 1735 639 1800; x_wconf 80' lang='lat' dir='ltr'><strong>magna</strong></span> <span class='ocrx_word' id='word_1_87' title='bbox 655 1716 702 1780; x_wconf 91' lang='lat' dir='ltr'><strong>rei</strong></span> <span class='ocrx_word' id='word_1_88' title='bbox 722 1713 866 1780; x_wconf 84' lang='lat' dir='ltr'><strong>militaria</strong></span> <span class='ocrx_word' id='word_1_89' title='bbox 888 1736 956 1782; x_wconf 86' lang='lat' dir='ltr'><strong>ease</strong></span> <span class='ocrx_word' id='word_1_90' title='bbox 978 1717 1147 1803; x_wconf 84' lang='lat' dir='ltr'><strong>occupatio</strong></span> 
     </span>
     <span class='ocr_line' id='line_1_13' title="bbox 117 1838 1145 1925; baseline -0.001 -18"><span class='ocrx_word' id='word_1_91' title='bbox 117 1841 342 1922; x_wconf 66' lang='lat' dir='ltr'><strong>antequanm</strong></span> <span class='ocrx_word' id='word_1_92' title='bbox 358 1841 495 1906; x_wconf 80' lang='lat' dir='ltr'><strong>multum</strong></span> <span class='ocrx_word' id='word_1_93' title='bbox 509 1838 690 1924; x_wconf 85' lang='lat' dir='ltr'><strong>imperatori</strong></span> <span class='ocrx_word' id='word_1_94' title='bbox 705 1841 764 1904; x_wconf 89' lang='lat' dir='ltr'><strong>auh</strong></span> <span class='ocrx_word' id='word_1_95' title='bbox 779 1839 857 1924; x_wconf 77' lang='lat' dir='ltr'><strong>ipsis</strong></span> <span class='ocrx_word' id='word_1_96' title='bbox 872 1839 1009 1925; x_wconf 83' lang='lat' dir='ltr'><strong>pellibus</strong></span> <span class='ocrx_word' id='word_1_97' title='bbox 1024 1839 1081 1904; x_wconf 91' lang='lat' dir='ltr'><strong>otii</strong></span> <span class='ocrx_word' id='word_1_98' title='bbox 1095 1861 1145 1906; x_wconf 87' lang='lat' dir='ltr'><strong>re·</strong></span> 
     </span>
     <span class='ocr_line' id='line_1_14' title="bbox 116 1961 1147 2053; baseline 0.001 -25"><span class='ocrx_word' id='word_1_99' title='bbox 116 1963 295 2053; x_wconf 87' lang='lat' dir='ltr'><strong>h&#39;nquatur.</strong></span> <span class='ocrx_word' id='word_1_100' title='bbox 331 1961 415 2028; x_wconf 84' lang='lat' dir='ltr'><strong>Chm</strong></span> <span class='ocrx_word' id='word_1_101' title='bbox 426 1971 533 2029; x_wconf 89' lang='lat' dir='ltr'><strong>autem</strong></span> <span class='ocrx_word' id='word_1_102' title='bbox 547 1967 565 2025; x_wconf 80' lang='grc' dir='ltr'>ὲ</span> <span class='ocrx_word' id='word_1_103' title='bbox 580 1961 790 2048; x_wconf 84' lang='lat' dir='ltr'><strong>philosophia,</strong></span> <span class='ocrx_word' id='word_1_104' title='bbox 806 1961 936 2047; x_wconf 79' lang='lat' dir='ltr'><strong>ingenio</strong></span> <span class='ocrx_word' id='word_1_105' title='bbox 951 1961 1147 2052; x_wconf 79' lang='lat' dir='ltr'><strong>seientiique</strong></span> 
     </span>
     <span class='ocr_line' id='line_1_15' title="bbox 115 2078 1147 2170; baseline -0.002 -20"><span class='ocrx_word' id='word_1_106' title='bbox 115 2093 284 2170; x_wconf 76' lang='lat' dir='ltr'><strong>pateretur</strong></span> <span class='ocrx_word' id='word_1_107' title='bbox 295 2080 487 2162; x_wconf 76' lang='lat' dir='ltr'><strong>Antiochus,</strong></span> <span class='ocrx_word' id='word_1_108' title='bbox 502 2079 647 2146; x_wconf 79' lang='lat' dir='ltr'><strong>Philonia</strong></span> <span class='ocrx_word' id='word_1_109' title='bbox 662 2078 796 2162; x_wconf 79' lang='lat' dir='ltr'><strong>auditor,</strong></span> <span class='ocrx_word' id='word_1_110' title='bbox 812 2083 978 2164; x_wconf 84' lang='lat' dir='ltr'><strong>excellere,</strong></span> <span class='ocrx_word' id='word_1_111' title='bbox 1001 2103 1074 2150; x_wconf 87' lang='lat' dir='ltr'><strong>euru</strong></span> <span class='ocrx_word' id='word_1_112' title='bbox 1094 2105 1147 2148; x_wconf 89' lang='lat' dir='ltr'><strong>se-</strong></span> 
     </span>
     <span class='ocr_line' id='line_1_16' title="bbox 118 2203 1146 2293; baseline -0.003 -19"><span class='ocrx_word' id='word_1_113' title='bbox 118 2229 194 2274; x_wconf 79' lang='lat' dir='ltr'><strong>ram</strong></span> <span class='ocrx_word' id='word_1_114' title='bbox 215 2215 250 2272; x_wconf 87' lang='lat' dir='ltr'><strong>et</strong></span> <span class='ocrx_word' id='word_1_115' title='bbox 271 2215 411 2293; x_wconf 76' lang='lat' dir='ltr'><strong>queetor</strong></span> <span class='ocrx_word' id='word_1_116' title='bbox 432 2203 557 2286; x_wconf 87' lang='lat' dir='ltr'><strong>habuit,</strong></span> <span class='ocrx_word' id='word_1_117' title='bbox 578 2213 611 2269; x_wconf 88' lang='lat' dir='ltr'><strong>et</strong></span> <span class='ocrx_word' id='word_1_118' title='bbox 632 2215 705 2290; x_wconf 79' lang='lat' dir='ltr'><strong>poet</strong></span> <span class='ocrx_word' id='word_1_119' title='bbox 727 2203 848 2291; x_wconf 75' lang='lat' dir='ltr'><strong>aliquot</strong></span> <span class='ocrx_word' id='word_1_120' title='bbox 869 2225 981 2286; x_wconf 83' lang='lat' dir='ltr'><strong>annos,</strong></span> <span class='ocrx_word' id='word_1_121' title='bbox 1011 2205 1146 2292; x_wconf 85' lang='lat' dir='ltr'><strong>impera-</strong></span> 
     </span>
     <span class='ocr_line' id='line_1_17' title="bbox 116 2327 1147 2416; baseline -0.003 -19"><span class='ocrx_word' id='word_1_122' title='bbox 116 2343 179 2398; x_wconf 85' lang='lat' dir='ltr'><strong>tor.</strong></span> <span class='ocrx_word' id='word_1_123' title='bbox 222 2329 368 2416; x_wconf 81' lang='lat' dir='ltr'><strong>Chmque</strong></span> <span class='ocrx_word' id='word_1_124' title='bbox 383 2339 467 2394; x_wconf 74' lang='lat' dir='ltr'><strong>esset</strong></span> <span class='ocrx_word' id='word_1_125' title='bbox 480 2332 517 2392; x_wconf 79' lang='lat' dir='ltr'><strong>el</strong></span> <span class='ocrx_word' id='word_1_126' title='bbox 532 2327 695 2408; x_wconf 74' lang='lat' dir='ltr'><strong>memorie,</strong></span> <span class='ocrx_word' id='word_1_127' title='bbox 716 2349 811 2414; x_wconf 89' lang='lat' dir='ltr'><strong>quam</strong></span> <span class='ocrx_word' id='word_1_128' title='bbox 825 2333 900 2394; x_wconf 70' lang='lat' dir='ltr'><strong>ante</strong></span> <span class='ocrx_word' id='word_1_129' title='bbox 912 2327 988 2409; x_wconf 76' lang='lat' dir='ltr'><strong>dixi,</strong></span> <span class='ocrx_word' id='word_1_130' title='bbox 1011 2350 1049 2392; x_wconf 84' lang='lat' dir='ltr'><strong>ea</strong></span> <span class='ocrx_word' id='word_1_131' title='bbox 1062 2349 1147 2416; x_wconf 76' lang='lat' dir='ltr'><strong>sape</strong></span> 
     </span>
     <span class='ocr_line' id='line_1_18' title="bbox 118 2445 1146 2538; baseline -0.001 -20"><span class='ocrx_word' id='word_1_132' title='bbox 118 2451 275 2520; x_wconf 84' lang='lat' dir='ltr'><strong>audiendo</strong></span> <span class='ocrx_word' id='word_1_133' title='bbox 290 2445 382 2520; x_wconf 69' lang='lat' dir='ltr'><strong>facili</strong></span> <span class='ocrx_word' id='word_1_134' title='bbox 397 2449 560 2536; x_wconf 76' lang='lat' dir='ltr'><strong>cognovit,</strong></span> <span class='ocrx_word' id='word_1_135' title='bbox 576 2471 649 2538; x_wconf 85' lang='lat' dir='ltr'><strong>qure</strong></span> <span class='ocrx_word' id='word_1_136' title='bbox 663 2451 714 2514; x_wconf 83' lang='lat' dir='ltr'><strong>vel</strong></span> <span class='ocrx_word' id='word_1_137' title='bbox 729 2453 825 2516; x_wconf 86' lang='lat' dir='ltr'><strong>semel</strong></span> <span class='ocrx_word' id='word_1_138' title='bbox 839 2451 946 2516; x_wconf 87' lang='lat' dir='ltr'><strong>audita</strong></span> <span class='ocrx_word' id='word_1_139' title='bbox 965 2451 1146 2518; x_wconf 78' lang='lat' dir='ltr'><strong>meminisse</strong></span> 
     </span>
     <span class='ocr_line' id='line_1_19' title="bbox 115 2569 1145 2663; baseline -0.005 -24"><span class='ocrx_word' id='word_1_140' title='bbox 115 2575 284 2663; x_wconf 71' lang='lat' dir='ltr'><strong>potuimet.</strong></span> <span class='ocrx_word' id='word_1_141' title='bbox 327 2572 556 2638; x_wconf 78' lang='lat' dir='ltr'><strong>Delectabatur</strong></span> <span class='ocrx_word' id='word_1_142' title='bbox 569 2581 677 2637; x_wconf 87' lang='lat' dir='ltr'><strong>autem</strong></span> <span class='ocrx_word' id='word_1_143' title='bbox 687 2570 818 2638; x_wconf 78' lang='lat' dir='ltr'><strong>mirifici</strong></span> <span class='ocrx_word' id='word_1_144' title='bbox 831 2569 966 2635; x_wconf 85' lang='lat' dir='ltr'><strong>lectione</strong></span> <span class='ocrx_word' id='word_1_145' title='bbox 981 2572 1145 2650; x_wconf 89' lang='lat' dir='ltr'><strong>libromm,</strong></span> 
     </span>
     <span class='ocr_line' id='line_1_20' title="bbox 118 2693 462 2786; baseline -0.015 -22"><span class='ocrx_word' id='word_1_146' title='bbox 118 2700 158 2764; x_wconf 79' lang='lat' dir='ltr'><strong>de</strong></span> <span class='ocrx_word' id='word_1_147' title='bbox 172 2695 289 2786; x_wconf 83' lang='lat' dir='ltr'><strong>quibua</strong></span> <span class='ocrx_word' id='word_1_148' title='bbox 303 2693 462 2762; x_wconf 79' lang='lat' dir='ltr'><strong>audiebat.</strong></span> 
     </span>
    </p>

    <p class='ocr_par' dir='ltr' id='par_1_4' title="bbox 119 2811 1152 4124">
     <span class='ocr_line' id='line_1_21' title="bbox 162 2811 1148 2900; baseline -0.01 -14"><span class='ocrx_word' id='word_1_149' title='bbox 162 2821 212 2886; x_wconf 76' lang='lat' dir='ltr'><strong>Aa</strong></span> <span class='ocrx_word' id='word_1_150' title='bbox 234 2815 523 2896; x_wconf 82' lang='lat' dir='ltr'><strong>vereorinterdum,</strong></span> <span class='ocrx_word' id='word_1_151' title='bbox 549 2835 591 2878; x_wconf 92' lang='lat' dir='ltr'><strong>ne</strong></span> <span class='ocrx_word' id='word_1_152' title='bbox 610 2811 723 2878; x_wconf 84' lang='lat' dir='ltr'><strong>talium</strong></span> <span class='ocrx_word' id='word_1_153' title='bbox 736 2831 954 2900; x_wconf 81' lang='lat' dir='ltr'><strong>personarum,</strong></span> <span class='ocrx_word' id='word_1_154' title='bbox 980 2813 1053 2876; x_wconf 81' lang='lat' dir='ltr'><strong>cim</strong></span> <span class='ocrx_word' id='word_1_155' title='bbox 1079 2833 1148 2877; x_wconf 91' lang='lat' dir='ltr'><strong>am-</strong></span> 
     </span>
     <span class='ocr_line' id='line_1_22' title="bbox 120 2932 1148 3028; baseline -0.007 -23"><span class='ocrx_word' id='word_1_156' title='bbox 120 2940 258 3028; x_wconf 76' lang='lat' dir='ltr'><strong>plificare</strong></span> <span class='ocrx_word' id='word_1_157' title='bbox 273 2937 379 3020; x_wconf 84' lang='lat' dir='ltr'><strong>velim,</strong></span> <span class='ocrx_word' id='word_1_158' title='bbox 395 2937 537 3002; x_wconf 90' lang='lat' dir='ltr'><strong>minuam</strong></span> <span class='ocrx_word' id='word_1_159' title='bbox 553 2933 648 3000; x_wconf 84' lang='lat' dir='ltr'><strong>etium</strong></span> <span class='ocrx_word' id='word_1_160' title='bbox 660 2934 806 3020; x_wconf 75' lang='lat' dir='ltr'><strong>gloriam.</strong></span> <span class='ocrx_word' id='word_1_161' title='bbox 837 2933 921 2999; x_wconf 89' lang='lat' dir='ltr'><strong>Sunt</strong></span> <span class='ocrx_word' id='word_1_162' title='bbox 942 2932 1028 2998; x_wconf 88' lang='lat' dir='ltr'><strong>enim</strong></span> <span class='ocrx_word' id='word_1_163' title='bbox 1043 2935 1148 3015; x_wconf 87' lang='lat' dir='ltr'><strong>multi,</strong></span> 
     </span>
     <span class='ocr_line' id='line_1_23' title="bbox 119 3057 1148 3149; baseline -0.007 -20"><span class='ocrx_word' id='word_1_164' title='bbox 119 3064 174 3149; x_wconf 89' lang='lat' dir='ltr'><strong>qui</strong></span> <span class='ocrx_word' id='word_1_165' title='bbox 194 3062 328 3128; x_wconf 86' lang='lat' dir='ltr'><strong>omnind</strong></span> <span class='ocrx_word' id='word_1_166' title='bbox 341 3060 471 3128; x_wconf 73' lang='lat' dir='ltr'><strong>Graecas</strong></span> <span class='ocrx_word' id='word_1_167' title='bbox 492 3081 557 3128; x_wconf 88' lang='lat' dir='ltr'><strong>non</strong></span> <span class='ocrx_word' id='word_1_168' title='bbox 578 3069 686 3125; x_wconf 86' lang='lat' dir='ltr'><strong>ament</strong></span> <span class='ocrx_word' id='word_1_169' title='bbox 701 3057 826 3131; x_wconf 83' lang='lat' dir='ltr'><strong>literas:</strong></span> <span class='ocrx_word' id='word_1_170' title='bbox 849 3057 966 3142; x_wconf 83' lang='lat' dir='ltr'><strong>plures,</strong></span> <span class='ocrx_word' id='word_1_171' title='bbox 992 3059 1048 3146; x_wconf 88' lang='lat' dir='ltr'><strong>qul</strong></span> <span class='ocrx_word' id='word_1_172' title='bbox 1073 3059 1148 3143; x_wconf 84' lang='lat' dir='ltr'><strong>plri-</strong></span> 
     </span>
     <span class='ocr_line' id='line_1_24' title="bbox 121 3177 1149 3270; baseline -0.007 -21"><span class='ocrx_word' id='word_1_173' title='bbox 121 3182 317 3270; x_wconf 78' lang='lat' dir='ltr'><strong>loanphiamr</strong></span> <span class='ocrx_word' id='word_1_174' title='bbox 339 3179 465 3268; x_wconf 78' lang='lat' dir='ltr'><strong>reliqui,</strong></span> <span class='ocrx_word' id='word_1_175' title='bbox 479 3179 546 3266; x_wconf 92' lang='lat' dir='ltr'><strong>qui,</strong></span> <span class='ocrx_word' id='word_1_176' title='bbox 561 3178 685 3245; x_wconf 79' lang='lat' dir='ltr'><strong>etiamsi</strong></span> <span class='ocrx_word' id='word_1_177' title='bbox 699 3179 770 3243; x_wconf 80' lang='lat' dir='ltr'><strong>hoee</strong></span> <span class='ocrx_word' id='word_1_178' title='bbox 796 3199 859 3242; x_wconf 91' lang='lat' dir='ltr'><strong>non</strong></span> <span class='ocrx_word' id='word_1_179' title='bbox 884 3177 1075 3264; x_wconf 85' lang='lat' dir='ltr'><strong>improbent,</strong></span> <span class='ocrx_word' id='word_1_180' title='bbox 1099 3191 1149 3242; x_wconf 88' lang='lat' dir='ltr'><strong>ta-</strong></span> 
     </span>
     <span class='ocr_line' id='line_1_25' title="bbox 120 3299 1151 3388; baseline -0.008 -16"><span class='ocrx_word' id='word_1_181' title='bbox 120 3327 195 3374; x_wconf 83' lang='lat' dir='ltr'><strong>men</strong></span> <span class='ocrx_word' id='word_1_182' title='bbox 210 3324 319 3372; x_wconf 80' lang='lat' dir='ltr'><strong>earum</strong></span> <span class='ocrx_word' id='word_1_183' title='bbox 334 3323 439 3370; x_wconf 83' lang='lat' dir='ltr'><strong>rerum</strong></span> <span class='ocrx_word' id='word_1_184' title='bbox 453 3301 702 3388; x_wconf 78' lang='lat' dir='ltr'><strong>disputationem</strong></span> <span class='ocrx_word' id='word_1_185' title='bbox 720 3299 916 3386; x_wconf 76' lang='lat' dir='ltr'><strong>principibus</strong></span> <span class='ocrx_word' id='word_1_186' title='bbox 935 3300 1070 3365; x_wconf 81' lang='lat' dir='ltr'><strong>civitatis</strong></span> <span class='ocrx_word' id='word_1_187' title='bbox 1087 3321 1151 3364; x_wconf 87' lang='lat' dir='ltr'><strong>non</strong></span> 
     </span>
     <span class='ocr_line' id='line_1_26' title="bbox 120 3421 1150 3514; baseline -0.009 -20"><span class='ocrx_word' id='word_1_188' title='bbox 120 3429 166 3496; x_wconf 85' lang='lat' dir='ltr'><strong>ita</strong></span> <span class='ocrx_word' id='word_1_189' title='bbox 175 3429 321 3498; x_wconf 81' lang='lat' dir='ltr'><strong>decoram</strong></span> <span class='ocrx_word' id='word_1_190' title='bbox 335 3437 460 3514; x_wconf 82' lang='lat' dir='ltr'><strong>putent.</strong></span> <span class='ocrx_word' id='word_1_191' title='bbox 504 3423 578 3511; x_wconf 78' lang='lat' dir='ltr'><strong>Ego</strong></span> <span class='ocrx_word' id='word_1_192' title='bbox 597 3435 717 3504; x_wconf 87' lang='lat' dir='ltr'><strong>autern,</strong></span> <span class='ocrx_word' id='word_1_193' title='bbox 738 3425 811 3488; x_wconf 87' lang='lat' dir='ltr'><strong>edm</strong></span> <span class='ocrx_word' id='word_1_194' title='bbox 828 3423 956 3490; x_wconf 78' lang='lat' dir='ltr'><strong>Groreas</strong></span> <span class='ocrx_word' id='word_1_195' title='bbox 980 3423 1083 3486; x_wconf 81' lang='lat' dir='ltr'><strong>literas</strong></span> <span class='ocrx_word' id='word_1_196' title='bbox 1099 3421 1150 3486; x_wconf 91' lang='lat' dir='ltr'><strong>M.</strong></span> 
     </span>
     <span class='ocr_line' id='line_1_27' title="bbox 120 3543 1151 3629; baseline -0.008 -16"><span class='ocrx_word' id='word_1_197' title='bbox 120 3547 277 3614; x_wconf 84' lang='lat' dir='ltr'><strong>Catonem</strong></span> <span class='ocrx_word' id='word_1_198' title='bbox 291 3545 326 3612; x_wconf 91' lang='lat' dir='ltr'><strong>in</strong></span> <span class='ocrx_word' id='word_1_199' title='bbox 339 3554 504 3614; x_wconf 77' lang='lat' dir='ltr'><strong>emectute</strong></span> <span class='ocrx_word' id='word_1_200' title='bbox 518 3543 663 3611; x_wconf 83' lang='lat' dir='ltr'><strong>didicisse</strong></span> <span class='ocrx_word' id='word_1_201' title='bbox 687 3544 877 3629; x_wconf 87' lang='lat' dir='ltr'><strong>acceperim,</strong></span> <span class='ocrx_word' id='word_1_202' title='bbox 901 3543 935 3608; x_wconf 83' lang='grc' dir='ltr'><strong>Ρ.</strong></span> <span class='ocrx_word' id='word_1_203' title='bbox 947 3551 1053 3606; x_wconf 87' lang='lat' dir='ltr'><strong>autem</strong></span> <span class='ocrx_word' id='word_1_204' title='bbox 1066 3543 1151 3607; x_wconf 82' lang='lat' dir='ltr'><strong>Afri-</strong></span> 
     </span>
     <span class='ocr_line' id='line_1_28' title="bbox 119 3663 1152 3764; baseline -0.007 -28"><span class='ocrx_word' id='word_1_205' title='bbox 119 3667 203 3750; x_wconf 84' lang='lat' dir='ltr'><strong>eani,</strong></span> <span class='ocrx_word' id='word_1_206' title='bbox 229 3667 369 3734; x_wconf 78' lang='lat' dir='ltr'><strong>historiae</strong></span> <span class='ocrx_word' id='word_1_207' title='bbox 395 3667 575 3754; x_wconf 83' lang='lat' dir='ltr'><strong>loquantur,</strong></span> <span class='ocrx_word' id='word_1_208' title='bbox 596 3663 638 3764; x_wconf 36' lang='lat' dir='ltr'><strong>in,</strong></span> <span class='ocrx_word' id='word_1_209' title='bbox 653 3663 812 3750; x_wconf 78' lang='lat' dir='ltr'><strong>legatione</strong></span> <span class='ocrx_word' id='word_1_210' title='bbox 843 3665 897 3730; x_wconf 82' lang='lat' dir='ltr'><strong>illu</strong></span> <span class='ocrx_word' id='word_1_211' title='bbox 919 3663 1031 3746; x_wconf 91' lang='lat' dir='ltr'><strong>nobili,</strong></span> <span class='ocrx_word' id='word_1_212' title='bbox 1057 3679 1152 3750; x_wconf 88' lang='lat' dir='ltr'><strong>quam</strong></span> 
     </span>
     <span class='ocr_line' id='line_1_29' title="bbox 120 3787 1152 3870; baseline -0.006 -14"><span class='ocrx_word' id='word_1_213' title='bbox 120 3801 196 3856; x_wconf 86' lang='lat' dir='ltr'><strong>ante</strong></span> <span class='ocrx_word' id='word_1_214' title='bbox 218 3811 384 3856; x_wconf 83' lang='lat' dir='ltr'><strong>censuram</strong></span> <span class='ocrx_word' id='word_1_215' title='bbox 411 3789 501 3870; x_wconf 88' lang='lat' dir='ltr'><strong>obiit,</strong></span> <span class='ocrx_word' id='word_1_216' title='bbox 525 3787 704 3854; x_wconf 77' lang='lat' dir='ltr'><strong>Panaetium</strong></span> <span class='ocrx_word' id='word_1_217' title='bbox 725 3809 828 3854; x_wconf 90' lang='lat' dir='ltr'><strong>unum</strong></span> <span class='ocrx_word' id='word_1_218' title='bbox 849 3787 981 3852; x_wconf 85' lang='lat' dir='ltr'><strong>omnind</strong></span> <span class='ocrx_word' id='word_1_219' title='bbox 1002 3787 1152 3854; x_wconf 87' lang='lat' dir='ltr'><strong>comitem</strong></span> 
     </span>
     <span class='ocr_line' id='line_1_30' title="bbox 122 3907 1152 3996; baseline -0.006 -18"><span class='ocrx_word' id='word_1_220' title='bbox 122 3913 239 3994; x_wconf 64' lang='lat' dir='ltr'><strong>lulum</strong></span> <span class='ocrx_word' id='word_1_221' title='bbox 272 3930 332 3978; x_wconf 85' lang='lat' dir='ltr'><strong>nce</strong></span> <span class='ocrx_word' id='word_1_222' title='bbox 354 3911 515 3978; x_wconf 86' lang='lat' dir='ltr'><strong>literarum</strong></span> <span class='ocrx_word' id='word_1_223' title='bbox 542 3911 738 3994; x_wconf 73' lang='lat' dir='ltr'><strong>Graecarum,</strong></span> <span class='ocrx_word' id='word_1_224' title='bbox 766 3931 825 3978; x_wconf 87' lang='lat' dir='ltr'><strong>nee</strong></span> <span class='ocrx_word' id='word_1_225' title='bbox 850 3909 1061 3996; x_wconf 80' lang='lat' dir='ltr'><strong>philosophiae</strong></span> <span class='ocrx_word' id='word_1_226' title='bbox 1084 3907 1152 3994; x_wconf 84' lang='lat' dir='ltr'><strong>jam</strong></span> 
     </span>
     <span class='ocr_line' id='line_1_31' title="bbox 126 4034 556 4124; baseline -0.005 -20"><span class='ocrx_word' id='word_1_227' title='bbox 126 4040 227 4108; x_wconf 83' lang='lat' dir='ltr'><strong>ullum</strong></span> <span class='ocrx_word' id='word_1_228' title='bbox 243 4047 404 4105; x_wconf 86' lang='lat' dir='ltr'><strong>auctorem</strong></span> <span class='ocrx_word' id='word_1_229' title='bbox 418 4034 556 4124; x_wconf 85' lang='lat' dir='ltr'><strong>requiro.</strong></span> 
     </span>
    </p>
   </div>
   <div class='ocr_carea' id='block_1_3' title="bbox 0 0 1408 4524">
    <p class='ocr_par' dir='ltr' id='par_1_5' title="bbox 0 0 1408 4524">
     <span class='ocr_line' id='line_1_32' title="bbox 0 0 1408 4524; baseline 0 0"><span class='ocrx_word' id='word_1_230' title='bbox 0 0 1408 4524; x_wconf 95' lang='lat' dir='ltr'><strong> </strong></span> 
     </span>
    </p>
   </div>
  </div>
 </body>
</html>
