<?xml version="1.0" encoding="UTF-8"?>
<!DOCTYPE html PUBLIC "-//W3C//DTD XHTML 1.0 Transitional//EN"
    "http://www.w3.org/TR/xhtml1/DTD/xhtml1-transitional.dtd">
<html xmlns="http://www.w3.org/1999/xhtml" xml:lang="en" lang="en">
 <head>
  <title>
</title>
<meta http-equiv="Content-Type" content="text/html;charset=utf-8" />
  <meta name='ocr-system' content='tesseract 3.04.00' />
  <meta name='ocr-capabilities' content='ocr_page ocr_carea ocr_par ocr_line ocrx_word'/>
</head>
<body>
  <div class='ocr_page' id='page_1' title='image "./scriptoresroman01unkngoog_0229.png"; bbox 0 0 2738 4502; ppageno 0'>
   <div class='ocr_carea' id='block_1_1' title="bbox 231 211 866 318">
    <p class='ocr_par' dir='ltr' id='par_1_1' title="bbox 231 211 866 318">
     <span class='ocr_line' id='line_1_1' title="bbox 231 211 866 318; baseline 0.006 -16"><span class='ocrx_word' id='word_1_1' title='bbox 231 241 313 318; x_wconf 56' lang='lat' dir='ltr'><strong><em>„uls</em></strong></span> <span class='ocrx_word' id='word_1_2' title='bbox 485 211 491 224; x_wconf 80' lang='lat'>&#39;</span> <span class='ocrx_word' id='word_1_3' title='bbox 657 237 866 306; x_wconf 65' lang='lat' dir='ltr'><strong><em>nummo,</em></strong></span> 
     </span>
    </p>
   </div>
   <div class='ocr_carea' id='block_1_2' title="bbox 157 409 1286 2108">
    <p class='ocr_par' dir='ltr' id='par_1_2' title="bbox 157 409 1286 1978">
     <span class='ocr_line' id='line_1_2' title="bbox 248 409 1283 500; baseline 0.007 -26"><span class='ocrx_word' id='word_1_4' title='bbox 248 411 379 490; x_wconf 82' lang='lat' dir='ltr'><strong><em>turbam,</em></strong></span> <span class='ocrx_word' id='word_1_5' title='bbox 400 409 421 474; x_wconf 84' lang='lat' dir='ltr'><strong><em>b</em></strong></span> <span class='ocrx_word' id='word_1_6' title='bbox 443 411 504 496; x_wconf 73' lang='lat' dir='ltr'><strong><em>qun</em></strong></span> <span class='ocrx_word' id='word_1_7' title='bbox 530 415 598 478; x_wconf 81' lang='lat' dir='ltr'><strong><em>urbi</em></strong></span> <span class='ocrx_word' id='word_1_8' title='bbox 616 411 766 479; x_wconf 72' lang='lat' dir='ltr'><strong><em>bocolbur.</em></strong></span> <span class='ocrx_word' id='word_1_9' title='bbox 811 411 879 478; x_wconf 83' lang='lat' dir='ltr'><strong><em>lmb</em></strong></span> <span class='ocrx_word' id='word_1_10' title='bbox 902 411 1030 494; x_wconf 78' lang='lat' dir='ltr'><strong><em>lurcule,</em></strong></span> <span class='ocrx_word' id='word_1_11' title='bbox 1048 414 1220 500; x_wconf 71' lang='lat' dir='ltr'><strong><em>prodimur</em></strong></span> <span class='ocrx_word' id='word_1_12' title='bbox 1243 436 1283 482; x_wconf 87' lang='lat' dir='ltr'><strong><em>ea</em></strong></span> 
     </span>
     <span class='ocr_line' id='line_1_3' title="bbox 157 527 1286 622; baseline 0.006 -21"><span class='ocrx_word' id='word_1_13' title='bbox 157 527 160 538; x_wconf 61' lang='lat'><strong>¹</strong></span> <span class='ocrx_word' id='word_1_14' title='bbox 245 537 359 620; x_wconf 81' lang='lat' dir='ltr'><strong><em>munia,</em></strong></span> <span class='ocrx_word' id='word_1_15' title='bbox 381 539 479 606; x_wconf 85' lang='lat' dir='ltr'><strong><em>deleto</em></strong></span> <span class='ocrx_word' id='word_1_16' title='bbox 502 541 557 606; x_wconf 85' lang='lat' dir='ltr'><strong><em>boc</em></strong></span> <span class='ocrx_word' id='word_1_17' title='bbox 578 544 727 622; x_wconf 74' lang='lat' dir='ltr'><strong><em>exercitu3</em></strong></span> <span class='ocrx_word' id='word_1_18' title='bbox 751 565 812 608; x_wconf 75' lang='lat' dir='ltr'><strong><em>uoto</em></strong></span> <span class='ocrx_word' id='word_1_19' title='bbox 831 552 1002 608; x_wconf 75' lang='lat' dir='ltr'><strong><em>nouantur.</em></strong></span> <span class='ocrx_word' id='word_1_20' title='bbox 1048 543 1124 618; x_wconf 80' lang='lat' dir='ltr'><strong><em>Quis</em></strong></span> <span class='ocrx_word' id='word_1_21' title='bbox 1142 544 1223 608; x_wconf 67' lang='lat' dir='ltr'><strong><em>eum</em></strong></span> <span class='ocrx_word' id='word_1_22' title='bbox 1245 563 1286 608; x_wconf 81' lang='lat' dir='ltr'><strong><em>ea</em></strong></span> 
     </span>
     <span class='ocr_line' id='line_1_4' title="bbox 248 669 1283 762; baseline 0.002 -28"><span class='ocrx_word' id='word_1_23' title='bbox 248 669 406 738; x_wconf 73' lang='lat' dir='ltr'><strong><em>tuebitur?</em></strong></span> <span class='ocrx_word' id='word_1_24' title='bbox 441 673 572 736; x_wconf 70' lang='lat' dir='ltr'><strong><em>[inbellis</em></strong></span> <span class='ocrx_word' id='word_1_25' title='bbox 585 673 722 738; x_wconf 69' lang='lat' dir='ltr'><strong><em>vilelicet</em></strong></span> <span class='ocrx_word' id='word_1_26' title='bbox 739 683 829 762; x_wconf 89' lang='lat' dir='ltr'><strong><em>atque</em></strong></span> <span class='ocrx_word' id='word_1_27' title='bbox 842 673 963 738; x_wconf 73' lang='lat' dir='ltr'><strong><em>inmunis</em></strong></span> <span class='ocrx_word' id='word_1_28' title='bbox 983 672 1158 738; x_wconf 82' lang='lat' dir='ltr'><strong><em>multituda.</em></strong></span> <span class='ocrx_word' id='word_1_29' title='bbox 1202 672 1283 737; x_wconf 86' lang='lat' dir='ltr'><strong><em>Tam</em></strong></span> 
     </span>
     <span class='ocr_line' id='line_1_5' title="bbox 248 793 1281 892; baseline -0.001 -32"><span class='ocrx_word' id='word_1_30' title='bbox 248 794 375 876; x_wconf 76' lang='lat' dir='ltr'><strong><em>hercule,</em></strong></span> <span class='ocrx_word' id='word_1_31' title='bbox 400 796 492 882; x_wconf 80' lang='lat' dir='ltr'><strong><em>qubm</em></strong></span> <span class='ocrx_word' id='word_1_32' title='bbox 514 796 535 860; x_wconf 79' lang='lat' dir='ltr'><strong><em>b</em></strong></span> <span class='ocrx_word' id='word_1_33' title='bbox 559 795 721 860; x_wconf 79' lang='lat' dir='ltr'><strong><em>Gallorum</em></strong></span> <span class='ocrx_word' id='word_1_34' title='bbox 741 797 854 880; x_wconf 87' lang='lat' dir='ltr'><strong><em>impetu</em></strong></span> <span class='ocrx_word' id='word_1_35' title='bbox 875 793 1021 876; x_wconf 67' lang='lat' dir='ltr'><strong><em>defundit:</em></strong></span> <span class='ocrx_word' id='word_1_36' title='bbox 1062 797 1117 892; x_wconf 80' lang='lat' dir='ltr'><strong><em>¹Au</em></strong></span> <span class='ocrx_word' id='word_1_37' title='bbox 1143 797 1165 858; x_wconf 82' lang='grc' dir='ltr'>ὰ</span> <span class='ocrx_word' id='word_1_38' title='bbox 1197 795 1281 859; x_wconf 79' lang='lat' dir='ltr'><strong><em>Veiis</em></strong></span> 
     </span>
     <span class='ocr_line' id='line_1_6' title="bbox 246 915 1280 1004; baseline 0 -20"><span class='ocrx_word' id='word_1_39' title='bbox 246 917 662 1004; x_wconf 59' lang='lat' dir='ltr'><strong><em>monumentumque</em></strong></span> <span class='ocrx_word' id='word_1_40' title='bbox 691 920 797 986; x_wconf 84' lang='lat' dir='ltr'><strong><em>ducem</em></strong></span> <span class='ocrx_word' id='word_1_41' title='bbox 824 915 1057 1002; x_wconf 75' lang='lat' dir='ltr'><strong><em>inplorabant?</em></strong></span> <span class='ocrx_word' id='word_1_42' title='bbox 1084 917 1150 982; x_wconf 84' lang='lat' dir='ltr'><strong><em>Hic</em></strong></span> <span class='ocrx_word' id='word_1_43' title='bbox 1172 939 1280 984; x_wconf 79' lang='lat' dir='ltr'><strong><em>omnes</em></strong></span> 
     </span>
     <span class='ocr_line' id='line_1_7' title="bbox 243 1043 1279 1130; baseline 0 -24"><span class='ocrx_word' id='word_1_44' title='bbox 243 1063 313 1128; x_wconf 78' lang='lat' dir='ltr'><strong><em>spes</em></strong></span> <span class='ocrx_word' id='word_1_45' title='bbox 334 1061 461 1128; x_wconf 77' lang='lat' dir='ltr'><strong><em>opesque</em></strong></span> <span class='ocrx_word' id='word_1_46' title='bbox 480 1053 575 1108; x_wconf 81' lang='lat' dir='ltr'><strong><em>suut:</em></strong></span> <span class='ocrx_word' id='word_1_47' title='bbox 598 1063 675 1130; x_wconf 78' lang='lat' dir='ltr'><strong><em>quae</em></strong></span> <span class='ocrx_word' id='word_1_48' title='bbox 687 1043 848 1122; x_wconf 74' lang='lat' dir='ltr'><strong><em>euuauudo,</em></strong></span> <span class='ocrx_word' id='word_1_49' title='bbox 862 1043 998 1126; x_wconf 65' lang='lat' dir='ltr'><strong><em>palliam</em></strong></span> <span class='ocrx_word' id='word_1_50' title='bbox 1016 1061 1171 1108; x_wconf 71' lang='lat' dir='ltr'><strong><em>mannus</em></strong></span> <span class='ocrx_word' id='word_1_51' title='bbox 1181 1065 1199 1118; x_wconf 75' lang='lat'><strong><em>,-</em></strong></span> <span class='ocrx_word' id='word_1_52' title='bbox 1223 1043 1279 1106; x_wconf 83' lang='lat' dir='ltr'><strong><em>‹le-</em></strong></span> 
     </span>
     <span class='ocr_line' id='line_1_8' title="bbox 244 1161 1278 1250; baseline 0 -20"><span class='ocrx_word' id='word_1_53' title='bbox 244 1165 343 1230; x_wconf 81' lang='lat' dir='ltr'><strong><em>dendo</em></strong></span> <span class='ocrx_word' id='word_1_54' title='bbox 355 1165 398 1230; x_wconf 81' lang='lat' dir='ltr'><strong><em>ad</em></strong></span> <span class='ocrx_word' id='word_1_55' title='bbox 408 1185 522 1244; x_wconf 69' lang='lat' dir='ltr'><strong><em>mecon,</em></strong></span> <span class='ocrx_word' id='word_1_56' title='bbox 534 1165 670 1250; x_wconf 79' lang='lat' dir='ltr'><strong><em>patriam</em></strong></span> <span class='ocrx_word' id='word_1_57' title='bbox 681 1165 844 1230; x_wconf 57' lang='lat' dir='ltr'><strong><em>&amp;semma</em></strong></span> <span class='ocrx_word' id='word_1_58' title='bbox 859 1187 897 1230; x_wconf 90' lang='lat' dir='ltr'><strong><em>ac</em></strong></span> <span class='ocrx_word' id='word_1_59' title='bbox 908 1165 1077 1250; x_wconf 83' lang='lat' dir='ltr'><strong><em>prodimus.</em></strong></span> <span class='ocrx_word' id='word_1_60' title='bbox 1121 1167 1166 1228; x_wconf 80' lang='lat' dir='ltr'><strong><em>At</em></strong></span> <span class='ocrx_word' id='word_1_61' title='bbox 1179 1161 1278 1246; x_wconf 73' lang='lat' dir='ltr'><strong><em>sunda</em></strong></span> 
     </span>
     <span class='ocr_line' id='line_1_9' title="bbox 243 1287 1274 1376; baseline -0.004 -20"><span class='ocrx_word' id='word_1_62' title='bbox 243 1299 335 1376; x_wconf 88' lang='lat' dir='ltr'><strong><em>atque</em></strong></span> <span class='ocrx_word' id='word_1_63' title='bbox 345 1289 544 1376; x_wconf 82' lang='lat' dir='ltr'><strong><em>ignominiosa</em></strong></span> <span class='ocrx_word' id='word_1_64' title='bbox 560 1289 672 1354; x_wconf 82' lang='lat' dir='ltr'><strong><em>deditio</em></strong></span> <span class='ocrx_word' id='word_1_65' title='bbox 687 1299 743 1354; x_wconf 85' lang='lat' dir='ltr'><strong><em>cst.</em></strong></span> <span class='ocrx_word' id='word_1_66' title='bbox 781 1287 843 1352; x_wconf 83' lang='lat' dir='ltr'><strong><em>Sed</em></strong></span> <span class='ocrx_word' id='word_1_67' title='bbox 857 1309 893 1352; x_wconf 87' lang='lat' dir='ltr'><strong><em>ea</em></strong></span> <span class='ocrx_word' id='word_1_68' title='bbox 909 1289 1022 1354; x_wconf 70' lang='lat' dir='ltr'><strong><em>carbas</em></strong></span> <span class='ocrx_word' id='word_1_69' title='bbox 1035 1287 1147 1371; x_wconf 84' lang='lat' dir='ltr'><strong><em>patria</em></strong></span> <span class='ocrx_word' id='word_1_70' title='bbox 1162 1299 1221 1366; x_wconf 79' lang='lat' dir='ltr'><strong><em>est,</em></strong></span> <span class='ocrx_word' id='word_1_71' title='bbox 1242 1299 1274 1352; x_wconf 90' lang='lat' dir='ltr'><strong><em>ut</em></strong></span> 
     </span>
     <span class='ocr_line' id='line_1_10' title="bbox 240 1413 1273 1504; baseline -0.008 -22"><span class='ocrx_word' id='word_1_72' title='bbox 240 1423 304 1482; x_wconf 88' lang='lat' dir='ltr'><strong><em>lam</em></strong></span> <span class='ocrx_word' id='word_1_73' title='bbox 318 1413 484 1504; x_wconf 69' lang='lat' dir='ltr'><strong><em>ignominia</em></strong></span> <span class='ocrx_word' id='word_1_74' title='bbox 497 1435 576 1496; x_wconf 88' lang='lat' dir='ltr'><strong><em>eam,</em></strong></span> <span class='ocrx_word' id='word_1_75' title='bbox 596 1415 688 1500; x_wconf 77' lang='lat' dir='ltr'><strong><em>quium</em></strong></span> <span class='ocrx_word' id='word_1_76' title='bbox 714 1423 810 1481; x_wconf 79' lang='lat' dir='ltr'><strong><em>morte</em></strong></span> <span class='ocrx_word' id='word_1_77' title='bbox 833 1415 947 1492; x_wconf 78' lang='lat' dir='ltr'><strong><em>uottra,</em></strong></span> <span class='ocrx_word' id='word_1_78' title='bbox 968 1413 1086 1496; x_wconf 82' lang='lat' dir='ltr'><strong><em>siopus</em></strong></span> <span class='ocrx_word' id='word_1_79' title='bbox 1103 1413 1155 1492; x_wconf 82' lang='lat' dir='ltr'><strong><em>sit,</em></strong></span> <span class='ocrx_word' id='word_1_80' title='bbox 1168 1433 1273 1478; x_wconf 64' lang='lat' dir='ltr'><strong><em>omue-</em></strong></span> 
     </span>
     <span class='ocr_line' id='line_1_11' title="bbox 160 1535 1273 1624; baseline -0.004 -19"><span class='ocrx_word' id='word_1_81' title='bbox 160 1555 162 1562; x_wconf 86' lang='lat'>&#39;</span> <span class='ocrx_word' id='word_1_82' title='bbox 238 1559 317 1604; x_wconf 82' lang='lat' dir='ltr'><strong><em>muo.</em></strong></span> <span class='ocrx_word' id='word_1_83' title='bbox 363 1537 513 1604; x_wconf 82' lang='lat' dir='ltr'><strong><em>Subeulur</em></strong></span> <span class='ocrx_word' id='word_1_84' title='bbox 528 1560 600 1624; x_wconf 86' lang='lat' dir='ltr'><strong><em>ergo</em></strong></span> <span class='ocrx_word' id='word_1_85' title='bbox 615 1538 688 1619; x_wconf 80' lang='lat' dir='ltr'><strong><em>ista,</em></strong></span> <span class='ocrx_word' id='word_1_86' title='bbox 704 1545 934 1624; x_wconf 81' lang='lat' dir='ltr'><strong><em>quantacunque</em></strong></span> <span class='ocrx_word' id='word_1_87' title='bbox 956 1545 1002 1602; x_wconf 80' lang='lat' dir='ltr'><strong><em>eet</em></strong></span> <span class='ocrx_word' id='word_1_88' title='bbox 1023 1535 1219 1622; x_wconf 49' lang='lat' dir='ltr'><strong><em>benignita&amp;</em></strong></span> <span class='ocrx_word' id='word_1_89' title='bbox 1245 1545 1273 1600; x_wconf 78' lang='lat' dir='ltr'><strong><em>el</em></strong></span> 
     </span>
     <span class='ocr_line' id='line_1_12' title="bbox 237 1659 1275 1746; baseline -0.006 -18"><span class='ocrx_word' id='word_1_90' title='bbox 237 1671 387 1746; x_wconf 79' lang='lat' dir='ltr'><strong><em>pareatur</em></strong></span> <span class='ocrx_word' id='word_1_91' title='bbox 407 1661 590 1742; x_wconf 79' lang='lat' dir='ltr'><strong><em>necessitati,</em></strong></span> <span class='ocrx_word' id='word_1_92' title='bbox 612 1681 703 1746; x_wconf 87' lang='lat' dir='ltr'><strong><em>quam</em></strong></span> <span class='ocrx_word' id='word_1_93' title='bbox 725 1682 763 1724; x_wconf 84' lang='lat' dir='ltr'><strong><em>ue</em></strong></span> <span class='ocrx_word' id='word_1_94' title='bbox 785 1659 844 1724; x_wconf 84' lang='lat' dir='ltr'><strong><em>Dii</em></strong></span> <span class='ocrx_word' id='word_1_95' title='bbox 871 1659 992 1745; x_wconf 82' lang='lat' dir='ltr'><strong><em>quidem</em></strong></span> <span class='ocrx_word' id='word_1_96' title='bbox 1011 1665 1167 1740; x_wconf 63' lang='lat' dir='ltr'><strong><em>stupeam.</em></strong></span> <span class='ocrx_word' id='word_1_97' title='bbox 1213 1659 1275 1736; x_wconf 82' lang='lat' dir='ltr'><strong><em>Ite,</em></strong></span> 
     </span>
     <span class='ocr_line' id='line_1_13' title="bbox 247 1778 1275 1868; baseline -0.004 -18"><span class='ocrx_word' id='word_1_98' title='bbox 247 1783 401 1864; x_wconf 74' lang='lat' dir='ltr'><strong><em>Consules,</em></strong></span> <span class='ocrx_word' id='word_1_99' title='bbox 415 1784 551 1848; x_wconf 75' lang='lat' dir='ltr'><strong><em>redimite</em></strong></span> <span class='ocrx_word' id='word_1_100' title='bbox 565 1783 658 1846; x_wconf 70' lang='lat' dir='ltr'><strong><em>arinis</em></strong></span> <span class='ocrx_word' id='word_1_101' title='bbox 673 1782 837 1862; x_wconf 74' lang='lat' dir='ltr'><strong><em>ciuitatum,</em></strong></span> <span class='ocrx_word' id='word_1_102' title='bbox 856 1803 945 1868; x_wconf 88' lang='lat' dir='ltr'><strong><em>quam</em></strong></span> <span class='ocrx_word' id='word_1_103' title='bbox 962 1802 1037 1846; x_wconf 83' lang='lat' dir='ltr'><strong><em>auro</em></strong></span> <span class='ocrx_word' id='word_1_104' title='bbox 1051 1778 1182 1866; x_wconf 81' lang='lat' dir='ltr'><strong><em>majores</em></strong></span> <span class='ocrx_word' id='word_1_105' title='bbox 1201 1801 1275 1846; x_wconf 80' lang='lat' dir='ltr'><strong><em>ues-</em></strong></span> 
     </span>
     <span class='ocr_line' id='line_1_14' title="bbox 242 1907 769 1978; baseline -0.013 -8"><span class='ocrx_word' id='word_1_106' title='bbox 242 1908 282 1970; x_wconf 83' lang='lat' dir='ltr'><strong><em>tri</em></strong></span> <span class='ocrx_word' id='word_1_107' title='bbox 296 1907 494 1970; x_wconf 69' lang='lat' dir='ltr'><strong><em>neamenim.</em></strong></span> <span class='ocrx_word' id='word_1_108' title='bbox 766 1971 769 1978; x_wconf 21' lang='grc'>1</span> 
     </span>
    </p>

    <p class='ocr_par' dir='ltr' id='par_1_3' title="bbox 282 2018 1273 2108">
     <span class='ocr_line' id='line_1_15' title="bbox 282 2018 1273 2108; baseline -0.004 -22"><span class='ocrx_word' id='word_1_109' title='bbox 282 2021 438 2088; x_wconf 83' lang='lat' dir='ltr'><strong><em>Consules</em></strong></span> <span class='ocrx_word' id='word_1_110' title='bbox 454 2020 589 2108; x_wconf 83' lang='lat' dir='ltr'><strong><em>prolccli</em></strong></span> <span class='ocrx_word' id='word_1_111' title='bbox 602 2021 641 2086; x_wconf 88' lang='lat' dir='ltr'><strong><em>ud</em></strong></span> <span class='ocrx_word' id='word_1_112' title='bbox 656 2021 807 2086; x_wconf 87' lang='lat' dir='ltr'><strong><em>Pontium</em></strong></span> <span class='ocrx_word' id='word_1_113' title='bbox 828 2021 862 2086; x_wconf 89' lang='lat' dir='ltr'><strong><em>in</em></strong></span> <span class='ocrx_word' id='word_1_114' title='bbox 882 2018 1089 2106; x_wconf 84' lang='lat' dir='ltr'><strong><em>colloquium,</em></strong></span> <span class='ocrx_word' id='word_1_115' title='bbox 1115 2039 1216 2106; x_wconf 87' lang='lat' dir='ltr'><strong><em>quum</em></strong></span> <span class='ocrx_word' id='word_1_116' title='bbox 1233 2019 1273 2084; x_wconf 89' lang='lat' dir='ltr'><strong><em>de</em></strong></span> 
     </span>
    </p>
   </div>
   <div class='ocr_carea' id='block_1_3' title="bbox 135 2141 1272 2232">
    <p class='ocr_par' dir='ltr' id='par_1_4' title="bbox 135 2141 1272 2232">
     <span class='ocr_line' id='line_1_16' title="bbox 135 2141 1272 2232; baseline -0.003 -21"><span class='ocrx_word' id='word_1_117' title='bbox 135 2167 139 2176; x_wconf 76' lang='grc'><em>“</em></span> <span class='ocrx_word' id='word_1_118' title='bbox 238 2145 360 2232; x_wconf 74' lang='lat' dir='ltr'><strong><em>ioedere</em></strong></span> <span class='ocrx_word' id='word_1_119' title='bbox 387 2144 488 2210; x_wconf 88' lang='lat' dir='ltr'><strong><em>victor</em></strong></span> <span class='ocrx_word' id='word_1_120' title='bbox 507 2143 649 2228; x_wconf 76' lang='lat' dir='ltr'><strong><em>agitaret,</em></strong></span> <span class='ocrx_word' id='word_1_121' title='bbox 672 2147 841 2228; x_wconf 80' lang='lat' dir='ltr'><strong><em>uegbrunt,</em></strong></span> <span class='ocrx_word' id='word_1_122' title='bbox 870 2141 995 2228; x_wconf 89' lang='lat' dir='ltr'><strong><em>injussu</em></strong></span> <span class='ocrx_word' id='word_1_123' title='bbox 1019 2141 1132 2229; x_wconf 83' lang='lat' dir='ltr'><strong><em>populi</em></strong></span> <span class='ocrx_word' id='word_1_124' title='bbox 1159 2142 1272 2208; x_wconf 83' lang='lat' dir='ltr'><strong><em>foedus</em></strong></span> 
     </span>
    </p>
   </div>
   <div class='ocr_carea' id='block_1_4' title="bbox 233 2265 1271 3090">
    <p class='ocr_par' dir='ltr' id='par_1_5' title="bbox 233 2265 1271 3090">
     <span class='ocr_line' id='line_1_17' title="bbox 234 2265 1269 2356; baseline -0.005 -20"><span class='ocrx_word' id='word_1_125' title='bbox 234 2267 302 2336; x_wconf 87' lang='lat' dir='ltr'><strong><em>fieri</em></strong></span> <span class='ocrx_word' id='word_1_126' title='bbox 316 2289 428 2356; x_wconf 79' lang='lat' dir='ltr'><strong><em>posse3</em></strong></span> <span class='ocrx_word' id='word_1_127' title='bbox 453 2289 512 2332; x_wconf 87' lang='lat' dir='ltr'><strong><em>nec</em></strong></span> <span class='ocrx_word' id='word_1_128' title='bbox 524 2267 592 2331; x_wconf 90' lang='lat' dir='ltr'><strong><em>sine</em></strong></span> <span class='ocrx_word' id='word_1_129' title='bbox 608 2265 772 2331; x_wconf 76' lang='lat' dir='ltr'><strong><em>socialibus</em></strong></span> <span class='ocrx_word' id='word_1_130' title='bbox 788 2267 1038 2352; x_wconf 78' lang='lat' dir='ltr'><strong><em>caercuuonibque</em></strong></span> <span class='ocrx_word' id='word_1_131' title='bbox 1051 2265 1112 2330; x_wconf 78' lang='lat' dir='ltr'><strong><em>aliu</em></strong></span> <span class='ocrx_word' id='word_1_132' title='bbox 1126 2267 1269 2332; x_wconf 88' lang='lat' dir='ltr'><strong><em>solenni.</em></strong></span> 
     </span>
     <span class='ocr_line' id='line_1_18' title="bbox 235 2387 1271 2480; baseline -0.004 -22"><span class='ocrx_word' id='word_1_133' title='bbox 235 2391 349 2480; x_wconf 78' lang='lat' dir='ltr'><strong><em>Itaque</em></strong></span> <span class='ocrx_word' id='word_1_134' title='bbox 373 2411 451 2472; x_wconf 90' lang='lat' dir='ltr'><strong><em>non,</em></strong></span> <span class='ocrx_word' id='word_1_135' title='bbox 466 2401 502 2454; x_wconf 91' lang='lat' dir='ltr'><strong><em>ut</em></strong></span> <span class='ocrx_word' id='word_1_136' title='bbox 518 2389 614 2476; x_wconf 76' lang='lat' dir='ltr'><strong><em>vulgo</em></strong></span> <span class='ocrx_word' id='word_1_137' title='bbox 629 2389 775 2469; x_wconf 86' lang='lat' dir='ltr'><strong><em>credunt,</em></strong></span> <span class='ocrx_word' id='word_1_138' title='bbox 799 2389 1015 2476; x_wconf 80' lang='lat' dir='ltr'><strong><em>Claudiusque</em></strong></span> <span class='ocrx_word' id='word_1_139' title='bbox 1034 2387 1129 2454; x_wconf 83' lang='lat' dir='ltr'><strong><em>etium</em></strong></span> <span class='ocrx_word' id='word_1_140' title='bbox 1143 2388 1271 2470; x_wconf 79' lang='lat' dir='ltr'><strong><em>scribit,</em></strong></span> 
     </span>
     <span class='ocr_line' id='line_1_19' title="bbox 236 2511 1270 2602; baseline -0.004 -21"><span class='ocrx_word' id='word_1_141' title='bbox 236 2515 358 2581; x_wconf 83' lang='lat' dir='ltr'><strong><em>laedere</em></strong></span> <span class='ocrx_word' id='word_1_142' title='bbox 373 2535 435 2602; x_wconf 80' lang='lat' dir='ltr'><strong><em>peu</em></strong></span> <span class='ocrx_word' id='word_1_143' title='bbox 447 2513 601 2594; x_wconf 82' lang='lat' dir='ltr'><strong><em>Caudino,</em></strong></span> <span class='ocrx_word' id='word_1_144' title='bbox 618 2511 674 2577; x_wconf 85' lang='lat' dir='ltr'><strong><em>sed</em></strong></span> <span class='ocrx_word' id='word_1_145' title='bbox 687 2535 743 2600; x_wconf 84' lang='lat' dir='ltr'><strong><em>per</em></strong></span> <span class='ocrx_word' id='word_1_146' title='bbox 758 2512 962 2602; x_wconf 85' lang='lat' dir='ltr'><strong><em>sponsionem</em></strong></span> <span class='ocrx_word' id='word_1_147' title='bbox 977 2513 1061 2576; x_wconf 78' lang='lat' dir='ltr'><strong><em>iactu</em></strong></span> <span class='ocrx_word' id='word_1_148' title='bbox 1074 2521 1132 2576; x_wconf 88' lang='lat' dir='ltr'><strong><em>est.</em></strong></span> <span class='ocrx_word' id='word_1_149' title='bbox 1176 2511 1270 2582; x_wconf 80' lang='lat' dir='ltr'><strong><em>Quid</em></strong></span> 
     </span>
     <span class='ocr_line' id='line_1_20' title="bbox 234 2633 1269 2726; baseline -0.004 -22"><span class='ocrx_word' id='word_1_150' title='bbox 234 2637 321 2706; x_wconf 84' lang='lat' dir='ltr'><strong><em>enim</em></strong></span> <span class='ocrx_word' id='word_1_151' title='bbox 334 2647 390 2704; x_wconf 80' lang='lat' dir='ltr'><strong><em>sut</em></strong></span> <span class='ocrx_word' id='word_1_152' title='bbox 405 2637 610 2724; x_wconf 85' lang='lat' dir='ltr'><strong><em>sponsoribus</em></strong></span> <span class='ocrx_word' id='word_1_153' title='bbox 626 2637 660 2700; x_wconf 91' lang='lat' dir='ltr'><strong><em>in</em></strong></span> <span class='ocrx_word' id='word_1_154' title='bbox 675 2635 796 2702; x_wconf 84' lang='lat' dir='ltr'><strong><em>loedere</em></strong></span> <span class='ocrx_word' id='word_1_155' title='bbox 814 2657 894 2722; x_wconf 90' lang='lat' dir='ltr'><strong><em>opus</em></strong></span> <span class='ocrx_word' id='word_1_156' title='bbox 909 2644 991 2700; x_wconf 85' lang='lat' dir='ltr'><strong><em>esset</em></strong></span> <span class='ocrx_word' id='word_1_157' title='bbox 1013 2645 1068 2700; x_wconf 80' lang='lat' dir='ltr'><strong><em>cut</em></strong></span> <span class='ocrx_word' id='word_1_158' title='bbox 1081 2633 1269 2726; x_wconf 79' lang='lat' dir='ltr'><strong><em>obsidibus,</em></strong></span> 
     </span>
     <span class='ocr_line' id='line_1_21' title="bbox 236 2756 1269 2847; baseline -0.002 -21"><span class='ocrx_word' id='word_1_159' title='bbox 236 2761 293 2826; x_wconf 90' lang='lat' dir='ltr'><strong><em>ubi</em></strong></span> <span class='ocrx_word' id='word_1_160' title='bbox 307 2759 487 2847; x_wconf 78' lang='lat' dir='ltr'><strong><em>precatione</em></strong></span> <span class='ocrx_word' id='word_1_161' title='bbox 502 2781 551 2824; x_wconf 86' lang='lat' dir='ltr'><strong><em>res</em></strong></span> <span class='ocrx_word' id='word_1_162' title='bbox 565 2757 771 2844; x_wconf 74' lang='lat' dir='ltr'><strong><em>transigitur?</em></strong></span> <span class='ocrx_word' id='word_1_163' title='bbox 794 2780 850 2842; x_wconf 83' lang='lat' dir='ltr'><strong><em>per</em></strong></span> <span class='ocrx_word' id='word_1_164' title='bbox 865 2779 953 2844; x_wconf 85' lang='lat' dir='ltr'><strong><em>quem</em></strong></span> <span class='ocrx_word' id='word_1_165' title='bbox 962 2756 1192 2842; x_wconf 81' lang='lat' dir='ltr'><strong><em>populumfiat‚</em></strong></span> <span class='ocrx_word' id='word_1_166' title='bbox 1206 2779 1269 2846; x_wconf 89' lang='lat' dir='ltr'><strong><em>quo</em></strong></span> 
     </span>
     <span class='ocr_line' id='line_1_22' title="bbox 233 2853 1266 2970; baseline -0.004 -22"><span class='ocrx_word' id='word_1_167' title='bbox 233 2886 333 2948; x_wconf 73' lang='lat' dir='ltr'><strong><em>vuinus</em></strong></span> <span class='ocrx_word' id='word_1_168' title='bbox 349 2883 463 2970; x_wconf 84' lang='lat' dir='ltr'><strong><em>legibus</em></strong></span> <span class='ocrx_word' id='word_1_169' title='bbox 478 2883 565 2948; x_wconf 81' lang='lat' dir='ltr'><strong><em>dictis</em></strong></span> <span class='ocrx_word' id='word_1_170' title='bbox 579 2892 686 2960; x_wconf 82' lang='lat' dir='ltr'><strong><em>stetur,</em></strong></span> <span class='ocrx_word' id='word_1_171' title='bbox 700 2891 736 2946; x_wconf 90' lang='lat' dir='ltr'><strong><em>ut</em></strong></span> <span class='ocrx_word' id='word_1_172' title='bbox 750 2903 816 2946; x_wconf 73' lang='lat' dir='ltr'><strong><em>eunt</em></strong></span> <span class='ocrx_word' id='word_1_173' title='bbox 831 2881 877 2946; x_wconf 85' lang='lat' dir='ltr'><strong><em>ila</em></strong></span> <span class='ocrx_word' id='word_1_174' title='bbox 891 2853 1012 2964; x_wconf 76' lang='lat' dir='ltr'><strong><em>Jupiter</em></strong></span> <span class='ocrx_word' id='word_1_175' title='bbox 1023 2879 1135 2964; x_wconf 69' lang='lat' dir='ltr'><strong><em>ficiat,</em></strong></span> <span class='ocrx_word' id='word_1_176' title='bbox 1156 2903 1266 2968; x_wconf 79' lang='lat' dir='ltr'><strong><em>quem-</em></strong></span> 
     </span>
     <span class='ocr_line' id='line_1_23' title="bbox 235 3001 1265 3090; baseline 0 -19"><span class='ocrx_word' id='word_1_177' title='bbox 235 3007 400 3071; x_wconf 76' lang='lat' dir='ltr'><strong><em>admodum</em></strong></span> <span class='ocrx_word' id='word_1_178' title='bbox 414 3003 602 3086; x_wconf 72' lang='lat' dir='ltr'><strong><em>&amp;socialibus</em></strong></span> <span class='ocrx_word' id='word_1_179' title='bbox 612 3025 722 3088; x_wconf 85' lang='lat' dir='ltr'><strong><em>porcus</em></strong></span> <span class='ocrx_word' id='word_1_180' title='bbox 732 3001 897 3088; x_wconf 75' lang='lat' dir='ltr'><strong><em>seriana?</em></strong></span> <span class='ocrx_word' id='word_1_181' title='bbox 919 3003 1167 3090; x_wconf 75' lang='lat' dir='ltr'><strong><em>Spoponderam</em></strong></span> <span class='ocrx_word' id='word_1_182' title='bbox 1183 3027 1265 3070; x_wconf 90' lang='lat' dir='ltr'><strong><em>con-</em></strong></span> 
     </span>
    </p>
   </div>
   <div class='ocr_carea' id='block_1_5' title="bbox 232 3125 1264 3216">
    <p class='ocr_par' dir='ltr' id='par_1_6' title="bbox 232 3125 1264 3216">
     <span class='ocr_line' id='line_1_24' title="bbox 232 3125 1264 3216; baseline -0.002 -20"><span class='ocrx_word' id='word_1_183' title='bbox 232 3131 329 3212; x_wconf 82' lang='lat' dir='ltr'><strong><em>sules,</em></strong></span> <span class='ocrx_word' id='word_1_184' title='bbox 356 3128 466 3212; x_wconf 82' lang='lat' dir='ltr'><strong><em>legati,</em></strong></span> <span class='ocrx_word' id='word_1_185' title='bbox 501 3137 685 3212; x_wconf 68' lang='lat' dir='ltr'><strong><em>questurus,</em></strong></span> <span class='ocrx_word' id='word_1_186' title='bbox 716 3127 836 3192; x_wconf 88' lang='lat' dir='ltr'><strong><em>tribuni</em></strong></span> <span class='ocrx_word' id='word_1_187' title='bbox 865 3125 1025 3194; x_wconf 86' lang='lat' dir='ltr'><strong><em>militum:</em></strong></span> <span class='ocrx_word' id='word_1_188' title='bbox 1068 3129 1264 3216; x_wconf 78' lang='lat' dir='ltr'><strong><em>nominaque</em></strong></span> 
     </span>
    </p>
   </div>
   <div class='ocr_carea' id='block_1_6' title="bbox 110 3251 1262 3338">
    <p class='ocr_par' dir='ltr' id='par_1_7' title="bbox 110 3251 1262 3338">
     <span class='ocr_line' id='line_1_25' title="bbox 110 3251 1262 3338; baseline 0.001 -19"><span class='ocrx_word' id='word_1_189' title='bbox 110 3264 115 3273; x_wconf 90' lang='grc'><strong>’</strong></span> <span class='ocrx_word' id='word_1_190' title='bbox 233 3255 390 3334; x_wconf 86' lang='lat' dir='ltr'><strong><em>omnium,</em></strong></span> <span class='ocrx_word' id='word_1_191' title='bbox 414 3251 469 3338; x_wconf 88' lang='lat' dir='ltr'><strong><em>qui</em></strong></span> <span class='ocrx_word' id='word_1_192' title='bbox 497 3253 749 3338; x_wconf 80' lang='lat' dir='ltr'><strong><em>spoponderunt,</em></strong></span> <span class='ocrx_word' id='word_1_193' title='bbox 772 3259 903 3316; x_wconf 72' lang='lat' dir='ltr'><strong><em>extante</em></strong></span> <span class='ocrx_word' id='word_1_194' title='bbox 932 3251 1000 3334; x_wconf 89' lang='lat' dir='ltr'><strong><em>ubi,</em></strong></span> <span class='ocrx_word' id='word_1_195' title='bbox 1026 3251 1052 3316; x_wconf 85' lang='lat' dir='ltr'><strong><em>si</em></strong></span> <span class='ocrx_word' id='word_1_196' title='bbox 1073 3275 1113 3317; x_wconf 81' lang='lat' dir='ltr'><strong><em>ex</em></strong></span> <span class='ocrx_word' id='word_1_197' title='bbox 1139 3253 1262 3320; x_wconf 81' lang='lat' dir='ltr'><strong><em>ioedere</em></strong></span> 
     </span>
    </p>
   </div>
   <div class='ocr_carea' id='block_1_7' title="bbox 227 3373 1261 3816">
    <p class='ocr_par' dir='ltr' id='par_1_8' title="bbox 227 3373 1261 3816">
     <span class='ocr_line' id='line_1_26' title="bbox 228 3373 1261 3462; baseline -0.001 -19"><span class='ocrx_word' id='word_1_198' title='bbox 228 3390 357 3448; x_wconf 73' lang='lat' dir='ltr'><strong><em>ueteres</em></strong></span> <span class='ocrx_word' id='word_1_199' title='bbox 370 3385 464 3456; x_wconf 87' lang='lat' dir='ltr'><strong><em>esset,</em></strong></span> <span class='ocrx_word' id='word_1_200' title='bbox 475 3385 683 3462; x_wconf 79' lang='lat' dir='ltr'><strong><em>praeterquuin</em></strong></span> <span class='ocrx_word' id='word_1_201' title='bbox 697 3373 831 3440; x_wconf 85' lang='lat' dir='ltr'><strong><em>duorum</em></strong></span> <span class='ocrx_word' id='word_1_202' title='bbox 844 3373 1004 3440; x_wconf 86' lang='lat' dir='ltr'><strong><em>fecialium</em></strong></span> <span class='ocrx_word' id='word_1_203' title='bbox 1021 3397 1085 3440; x_wconf 93' lang='lat' dir='ltr'><strong><em>non</em></strong></span> <span class='ocrx_word' id='word_1_204' title='bbox 1097 3385 1261 3442; x_wconf 84' lang='lat' dir='ltr'><strong><em>extarent:</em></strong></span> 
     </span>
     <span class='ocr_line' id='line_1_27' title="bbox 228 3497 1259 3589; baseline 0.001 -24"><span class='ocrx_word' id='word_1_205' title='bbox 228 3511 261 3566; x_wconf 89' lang='lat' dir='ltr'><strong><em>et</em></strong></span> <span class='ocrx_word' id='word_1_206' title='bbox 282 3513 409 3589; x_wconf 86' lang='lat' dir='ltr'><strong><em>propter</em></strong></span> <span class='ocrx_word' id='word_1_207' title='bbox 432 3498 640 3564; x_wconf 86' lang='lat' dir='ltr'><strong><em>necessarium</em></strong></span> <span class='ocrx_word' id='word_1_208' title='bbox 661 3497 788 3564; x_wconf 83' lang='lat' dir='ltr'><strong><em>loederis</em></strong></span> <span class='ocrx_word' id='word_1_209' title='bbox 812 3497 995 3564; x_wconf 84' lang='lat' dir='ltr'><strong><em>dilutionem</em></strong></span> <span class='ocrx_word' id='word_1_210' title='bbox 1016 3499 1142 3566; x_wconf 83' lang='lat' dir='ltr'><strong><em>obsides</em></strong></span> <span class='ocrx_word' id='word_1_211' title='bbox 1163 3502 1259 3566; x_wconf 84' lang='lat' dir='ltr'><strong><em>etiam</em></strong></span> 
     </span>
     <span class='ocr_line' id='line_1_28' title="bbox 227 3621 1255 3712; baseline 0.002 -22"><span class='ocrx_word' id='word_1_212' title='bbox 227 3625 370 3690; x_wconf 83' lang='lat' dir='ltr'><strong><em>sexcenti</em></strong></span> <span class='ocrx_word' id='word_1_213' title='bbox 383 3624 505 3711; x_wconf 87' lang='lat' dir='ltr'><strong><em>equites</em></strong></span> <span class='ocrx_word' id='word_1_214' title='bbox 521 3621 677 3712; x_wconf 81' lang='lat' dir='ltr'><strong><em>imperati,</em></strong></span> <span class='ocrx_word' id='word_1_215' title='bbox 693 3621 748 3710; x_wconf 90' lang='lat' dir='ltr'><strong><em>qui</em></strong></span> <span class='ocrx_word' id='word_1_216' title='bbox 763 3621 865 3710; x_wconf 83' lang='lat' dir='ltr'><strong><em>cupite</em></strong></span> <span class='ocrx_word' id='word_1_217' title='bbox 880 3625 1016 3708; x_wconf 85' lang='lat' dir='ltr'><strong><em>luerent,</em></strong></span> <span class='ocrx_word' id='word_1_218' title='bbox 1034 3623 1061 3688; x_wconf 91' lang='lat' dir='ltr'><strong><em>si</em></strong></span> <span class='ocrx_word' id='word_1_219' title='bbox 1076 3635 1172 3712; x_wconf 76' lang='lat' dir='ltr'><strong><em>pecto</em></strong></span> <span class='ocrx_word' id='word_1_220' title='bbox 1189 3647 1255 3692; x_wconf 91' lang='lat' dir='ltr'><strong><em>non</em></strong></span> 
     </span>
     <span class='ocr_line' id='line_1_29' title="bbox 228 3757 375 3816; baseline -0.02 0"><span class='ocrx_word' id='word_1_221' title='bbox 228 3757 375 3816; x_wconf 69' lang='lat' dir='ltr'><strong><em>staretur.</em></strong></span> 
     </span>
    </p>
   </div>
   <div class='ocr_carea' id='block_1_8' title="bbox 0 0 1374 4502">
    <p class='ocr_par' dir='ltr' id='par_1_9' title="bbox 0 0 1374 4502">
     <span class='ocr_line' id='line_1_30' title="bbox 0 0 1374 4502; baseline 0 0"><span class='ocrx_word' id='word_1_222' title='bbox 0 0 1374 4502; x_wconf 95' lang='lat' dir='ltr'><strong><em> </em></strong></span> 
     </span>
    </p>
   </div>
  </div>
 </body>
</html>
