2750 4510
490 279 544 346 Ea
567 277 698 345 LIVlO.
1055 283 1114 343 las

84 454 219 519 emiserit
238 473 351 518 vocem.
394 453 503 523 Quum
530 453 684 538 pavidae
709 473 822 517 somno
851 451 963 515 mulier
982 451 1110 532 nullam

85 599 181 666 opem
202 581 314 662 propi,
335 587 470 640 mortem
486 576 704 640 imminentem
720 575 861 654 videret3
884 585 954 638 tum
976 573 1113 660 Tarqui·

86 697 161 760 nius
176 697 266 760 fateri
282 717 432 774 amorem,
443 717 541 776 orare,
557 695 690 760 miscere
702 695 848 782 precibus
863 694 976 784 minas,
992 713 1114 758 versare

88 815 121 880 in
147 835 258 879 omncs
290 825 394 896 partes
421 815 607 879 muliebrem
634 817 787 878 animum.
833 813 897 878 Ubi
925 812 1116 876 obstinatam

87 936 227 1016 ridebat,
258 947 290 1000 et
314 959 354 1000 ne
377 937 486 1001 mortis
509 923 636 1023 quidem
662 948 751 1001 metu
781 933 937 1014 inclinari,
965 933 1050 1000 addit
1074 933 1115 998 ad

90 1069 212 1124 metum
228 1059 373 1124 dedecus.
418 1060 501 1124 Cum
517 1065 638 1123 mortui
651 1059 836 1146 jugulatum
852 1079 977 1123 servum
992 1058 1116 1122 nudum

90 1182 280 1268 positurum,
294 1181 349 1260 ait,
366 1181 447 1246 utin
463 1182 587 1246 sordido
603 1182 756 1246 adulterio
766 1191 875 1245 necata
890 1181 1020 1246 dicatur.
1042 1181 1117 1250 Quo

7 1381 12 1400 ,
92 1317 209 1368 terrore
220 1326 318 1389 quum
333 1300 460 1368 vicisset
475 1303 665 1368 obstinatam
689 1303 871 1388 pudicitiam
895 1307 983 1367 velut
1006 1303 1117 1368 victrix

92 1421 205 1501 libido,
241 1424 465 1508 profectusque
493 1423 565 1486 inde
597 1415 787 1506 Tarquinius
820 1425 907 1484 ferox
936 1432 1117 1506 expugnato

94 1545 206 1610 decore
219 1545 366 1608 muliebri
378 1555 485 1625 essct3
510 1545 665 1622 Lucretia,
681 1554 797 1607 moesta
816 1554 904 1607 tanto
919 1545 1015 1623 malo,
1032 1565 1117 1607 nun·

95 1667 183 1732 cium
203 1665 337 1730 Romam
365 1667 499 1730 eundem
527 1665 565 1730 ad
586 1677 718 1752 patrem,
735 1645 932 1750 Ardeamque
955 1665 993 1729 ad
1016 1665 1119 1730 virum

95 1788 256 1869 mittitur
271 1813 344 1853 cum
361 1789 493 1874 singulis
508 1787 654 1852 fidelibus
669 1789 777 1853 amicis
792 1789 942 1852 veniantz
965 1790 1010 1852 ito
1029 1783 1120 1870 facto

98 1922 310 1997 maturatoque
328 1933 404 1996 opus
425 1933 511 1976 esse.-
535 1935 599 1976 rem
614 1923 745 1978 atrocem
758 1915 905 1979 incidisse.

143 2033 200 2119 Sp.
222 2033 389 2096 Lucretius
413 2053 485 2098 oum
510 2033 546 2096 P.
569 2033 706 2114 Valerio,
721 2033 827 2098 Volesi
852 2036 929 2114 filio,
945 2035 1122 2104 Collatinus

96 2177 170 2224 cum
196 2157 232 2222 t.
253 2155 354 2223 Junio
377 2155 479 2224 Bruto
500 2157 609 2236 venit-3
633 2179 706 2222 cum
728 2179 791 2243 quo
812 2161 892 2223 sorte
914 2159 1048 2224 Romam
1072 2183 1122 2226 re·
1200 2207 1203 2214 1

96 2277 199 2358 diens,
219 2279 258 2342 ab
284 2276 401 2340 nuncio
423 2277 529 2340 uxoris
555 2287 621 2340 erat
645 2289 830 2343 conventus.
875 2279 1056 2344 Lucretiam
1071 2301 1121 2344 se·
1149 2299 1156 2311 ·

95 2401 222 2466 dautem
247 2409 394 2464 moestam
417 2398 451 2462 ln
483 2399 632 2464 cubiculo
653 2400 828 2466 inveniunt.
873 2404 1022 2467 Adventu
1045 2425 1121 2468 suo-

99 2545 171 2590 rum
192 2524 339 2608 lacrymae
367 2525 510 2603 obortae3
540 2524 755 2609 quaerenthuc
776 2508 855 2604 viro,
886 2525 984 2589 Satiu'
1003 2523 1128 2590 aaloae?

102 2629 242 2727 Malana,
263 2647 387 2732 inquit:
410 2647 483 2732 quid
502 2647 581 2709 caim
594 2647 672 2710 salui
692 2656 738 2710 est
761 2648 877 2711 mulieri
900 2650 1014 2712 obruad
1033 2649 1127 2731 pudi-

100 2767 202 2835 citia?
240 2767 375 2855 Vestigia
405 2769 463 2832 oiri
491 2767 590 2846 alieni,
616 2765 774 2846 Collatiae,
808 2768 840 2830 ia
871 2767 945 2831 lecto
969 2779 1039 2832 auat
1068 2780 1129 2842 aaa.

101 2890 242 2956 Ceterum
256 2909 363 2971 corpus
377 2897 422 2956 est
443 2889 561 2951 tautum
583 2887 741 2966 violatum,
759 2887 877 2951 animus
889 2889 1001 2953 insana.
1039 2889 1130 2956 Mars

103 3009 190 3074 testis
203 3007 271 3072 erit.
318 3006 379 3072 Sed
394 3011 467 3072 date
481 3007 604 3070 deutrus
615 3005 781 3091 fidemque,
803 3008 884 3072 baud
898 3009 1019 3092 impune
1040 3009 1130 3076 adul-

102 3145 168 3198 tero
180 3133 265 3216 sore.
310 3131 420 3196 Scotto
449 3140 495 3194 eat
522 3131 714 3216 Tarquinius,
741 3131 793 3215 qui
820 3131 912 3195 bostis
929 3154 988 3216 pro
1017 3135 1131 3217 homile

99 3255 206 3342 plicae
235 3263 322 3318 nocte
350 3253 383 3318 oi
412 3262 549 3318 armante
578 3253 661 3330 arilli,
696 3253 819 3337 sibique,
849 3253 950 3317 sivos
970 3254 1027 3317 ciri
1050 3253 1131 3336 ertu,

99 3372 282 3461 pestiferum
315 3375 382 3438 binc
413 3373 537 3437 abstulit
562 3375 721 3459 garulium.
762 3373 851 3439 Dant
879 3373 987 3438 ordine
1019 3395 1130 3442 omues

104 3499 224 3566 fidem:
256 3499 460 3561 consolantur
483 3517 599 3582 aegram
624 3495 731 3576 animi,
754 3491 922 3561 avertendo
951 3518 1065 3562 noxam
1093 3501 1133 3570 ab
1160 3553 1163 3560 .

104 3625 217 3688 concta
245 3621 278 3684 in
294 3632 453 3684 auctorem
472 3619 590 3686 delicti.
636 3619 781 3686 Mentem
805 3642 947 3706 peccare,
971 3643 1037 3688 non
1060 3645 1136 3688 cor.

103 3765 188 3832 pust
213 3751 245 3806 et
256 3739 341 3805 unde
355 3740 524 3804 consilium
540 3740 686 3819 abuerit,
703 3743 828 3826 culpam
838 3743 959 3808 abesse.
997 3743 1067 3826 Vas,
1083 3744 1134 3812 in·

100 3865 188 3966 quit,
202 3865 348 3946 videtitis,
370 3865 444 3952 quid
470 3863 517 3928 iili
534 3865 700 3929 debeatur.-
724 3887 781 3952 ego
795 3885 853 3948 me,
874 3867 930 3942 etu‘
942 3869 1136 3952 peecatnet-

451 3983 453 3989 ‘
502 3982 503 3988 ‘
592 3985 659 4058 Yu
