2738 4502
342 237 344 243 “
434 255 435 258 ¹
487 213 697 286 murtro.
1042 229 1105 292 215

80 395 133 454 tes
149 387 285 476 superbe
300 385 519 474 increpabant)
541 409 615 456 eum
632 389 802 458 miserabili
817 392 1015 458 confessione
1037 397 1108 460 ein·

78 511 208 578 dentes.
250 509 302 576 An
326 511 472 576 eonsules
493 523 638 594 moestos,
659 535 699 578 ne
717 512 904 580 advocantes
924 514 1051 602 quidem
1075 518 1110 584 in

82 632 255 698 eonsilium
286 633 425 719 (quando
448 656 508 700 nee
523 635 655 702 oonsilio
677 657 737 700 nee
760 633 875 702 auxilio
898 638 987 702 loeus
1011 642 1107 724 esset)

81 761 140 822 sul
166 766 279 842 sponte
305 756 401 842 legati
428 778 464 822 ac
493 757 612 824 tribuni
634 759 848 826 conveniunta
878 760 1055 848 militesque
1076 763 1112 828 in

81 877 268 964 praetorium
282 874 375 959 versi,
388 899 495 966 opem,
507 899 603 966 quam
617 881 671 944 vix
682 879 738 946 Dii
752 881 944 948 immortales
959 883 1039 950 ferre
1049 905 1109 972 po-

84 1011 202 1082 terent,
216 1001 256 1066 ab
270 999 403 1066 duribus
418 1011 608 1088 exposcunt.

126 1123 303 1194 Querentes
312 1124 413 1210 magis
425 1129 521 1210 quim
534 1125 751 1194 consultantes
762 1148 826 1194 nox
836 1128 1002 1214 oppressit,
1011 1149 1108 1216 quum

86 1267 145 1332 pro
158 1245 288 1330 ingenio
302 1247 434 1334 quisque
450 1249 619 1314 fremerent
628 1273 639 1328 ;
662 1249 754 1330 alius,
773 1271 831 1334 per
848 1252 946 1334 obices
967 1253 1087 1318 uiarum
1094 1276 1109 1328 ‚-

86 1367 178 1448 alim,
189 1387 246 1451 per
260 1367 388 1433 moereo
400 1370 559 1450 arentium,
578 1391 635 1452 per
647 1369 751 1449 assum,
764 1368 912 1454 mansuri
924 1392 1012 1436 ormo
1021 1381 1111 1456 pote-

83 1500 166 1568 runt,
181 1510 295 1555 mmm.
341 1489 438 1556 Moab
460 1492 503 1556 od
521 1491 635 1558 boetem
653 1492 808 1578 pervenire
830 1491 928 1570 liceat,
948 1515 1036 1578 quem
1055 1513 1112 1582 per

85 1633 182 1679 urruns
193 1612 268 1699 jora
277 1619 373 1698 prope
388 1613 517 1700 triginta
529 1613 700 1690 vincimen
724 1614 826 1678 munio
848 1633 935 1700 (equo
955 1635 993 1679 oo
1011 1615 1110 1698 planu

85 1745 174 1800 eruut
196 1736 348 1816 Romano,
374 1737 407 1800 in
430 1735 579 1820 perfidum
606 1733 775 1802 Samnitem
800 1735 974 1824 prtgrmntir
1006 1734 1110 1818 Alius,

89 1855 169 1935 Qub,
190 1864 245 1920 out
262 1855 323 1940 qui
347 1851 480 1920 mmm?
505 1853 590 1920 Num
602 1865 718 1924 moues
732 1854 832 1920 moliri
851 1858 923 1922 sede
943 1859 1000 1922 sud
1015 1877 1112 1941 poro-

80 1973 178 2043 mue?
200 1976 289 2044 Dum
311 1977 375 2042 boee
392 1977 586 2043 imminebunt
599 1977 698 2066 juga,
717 1981 779 2064 pub
806 1989 839 2044 tu
866 1979 910 2042 ud
931 1977 1047 2044 boetem
1060 2001 1112 2044 oe-

82 2095 178 2166 nias?
199 2101 332 2180 Arrunti,
358 2101 496 2182 inerms,
509 2097 622 2182 fortes,
643 2101 761 2188 ἰςηαυί,
781 2102 898 2186 putatet
912 2103 1112 2196 parnealoupti

85 2235 178 2312 atquae
190 2224 262 2290 steri
282 2243 394 2289 rumor.
440 2224 490 2289 Ne
503 2221 624 2306 serrum
637 2224 758 2311 paridem
778 2223 822 2290 ad
840 2203 1117 2312 millenariam

87 2347 244 2414 obtem
258 2357 303 2410 est
317 2347 432 2412 boetia:
454 2347 561 2412 redeo
575 2345 685 2412 belim
699 2345 864 2429 sordidet.-

132 2465 196 2532 His
210 2463 347 2532 invicem
362 2465 572 2546 sermonibus,
597 2471 661 2552 qut
681 2467 756 2546 eibi,
777 2471 841 2552 qul
862 2467 978 2556 quietis
998 2467 1114 2556 imme-

84 2611 165 2670 mor,
181 2611 245 2654 nox
260 2587 403 2654 traducta
417 2597 475 2652 est.
519 2587 570 2652 Ne
585 2585 784 2654 Samnitibus
799 2587 927 2674 quidem
943 2589 1111 2655 eonsilium

86 2713 121 2778 in
136 2723 202 2778 tam
216 2710 298 2777 laetis
313 2711 502 2797 suppetebat
520 2711 626 2774 rebus.
670 2707 781 2795 itaque
794 2709 931 2776 universi
947 2709 1110 2776 Herenni-

86 2855 143 2900 um
163 2832 321 2912 l‘ontium‚
335 2842 457 2918 patrem
468 2827 676 2917 imperatoris,
689 2849 745 2916 per
759 2827 865 2894 literas
880 2830 1114 2897 consulendum

87 2965 233 3024 censent.
275 2953 349 3020 Janr
365 2951 391 3018 is
405 2951 506 3038 gravis
521 2951 623 3032 annis,
638 2971 704 3016 non
720 2949 907 3020 militaribus
923 2955 1039 3034 solnm,
1053 2957 1109 3022 sed

92 3076 240 3144 civilibus
250 3097 388 3164 quoque,
397 3075 589 3140 abscesserat
603 3071 808 3140 muneribus:
831 3073 1001 3164 incorpore
1013 3088 1119 3143 tamen

88 3201 204 3266 affecto
218 3196 344 3284 vigebat
365 3195 412 3260 vis
435 3195 532 3261 animi
554 3193 748 3281 oonsiliique.
785 3193 817 3262 Is
840 3195 896 3261 ubi
919 3196 1051 3283 accepit,
1066 3199 1113 3262 ad
1172 3227 1175 3232 ·

92 3321 246 3386 Furculas
261 3315 418 3382 Caudinas
433 3313 516 3381 inter
528 3315 608 3383 dnos
622 3317 721 3383 saltus
737 3317 859 3383 clausos
878 3339 944 3382 esse
961 3317 1117 3384 exercitus

94 3441 271 3520 Romanos,
294 3439 460 3503 consultus
484 3437 524 3506 ab
547 3435 665 3502 nuncio
687 3435 755 3518 lilii,
772 3437 896 3504 censuit
911 3457 1020 3503 omnes
1045 3437 1118 3504 inde

90 3567 191 3650 quim
215 3561 355 3648 primbm‘
378 3558 542 3626 inviolatos
568 3559 783 3627 dimittendos.
825 3561 908 3633 Qun
934 3559 990 3627 ubi
1019 3575 1121 3650 spreta
1209 3584 1215 3595 ·

93 3683 257 3754 sententia
270 3693 330 3764 est,
346 3683 525 3770 iterumque
540 3683 650 3748 eodem
664 3691 823 3754 remeante
838 3681 957 3750 nuncio
974 3688 1122 3750 consule·
1174 3678 1175 3681 ’

92 3809 200 3888 batur,
222 3803 348 3870 censuit
372 3803 412 3872 ad
426 3823 527 3872 unum
541 3823 650 3870 omnes
671 3801 915 3900 interficiendos.
958 3803 1050 3878 Qun¹
1064 3807 1120 3870 ubi
