2804 4524
259 249 301 310 ss
615 239 669 342 Ee
691 247 742 344 M.
764 249 931 346 'luniso

185 481 193 501 ,
259 415 421 508 lescentiae
436 419 535 506 nugis
549 443 749 506 concessum,
762 430 859 516 quim
874 427 1043 495 senectuti.
1087 429 1213 524 Genera
1226 449 1284 498 an-

258 551 324 608 tem
339 543 488 620 Asiatica
503 545 650 650 dictionis
665 549 729 616 duo
744 562 842 618 sunt:
869 575 970 620 uuum
995 553 1228 650 sententiosum
1256 561 1289 622 st

256 678 417 754 suffitum,
442 669 609 736 sententiis
633 693 697 738 non
724 684 789 740 tam
811 675 958 762 gravibus
983 687 1016 742 et
1038 676 1165 754 severis,
1191 679 1288 762 qudm

258 790 424 876 concinnis
447 803 479 856 et
493 793 646 858 venustis.
690 793 788 858 Aliud
810 804 917 866 autem
933 817 1035 880 genus
1057 807 1117 878 est,
1143 817 1207 862 non
1223 805 1289 864 tem

258 913 425 980 sententiis
448 915 697 998 frequentatum,
718 919 812 1002 quim
836 915 939 982 serbis
957 919 1084 982 volucre
1097 927 1192 1004 atque
1207 916 1306 982 inci-1

258 1047 382 1118 totunm
405 1035 507 1126 qualis
519 1047 567 1102 est
583 1058 668 1106 nunc
682 1036 758 1100 Asia
773 1045 851 1118 tota,
875 1059 934 1104 nec
949 1037 1079 1106 flumine
1095 1041 1197 1106 soldrn
1217 1059 1289 1104 oro-

257 1161 366 1242 tionis,
392 1161 569 1226 sedetiam
592 1171 756 1242 exornato,
782 1171 816 1225 et
841 1162 944 1228 laceto
969 1183 1083 1246 genere
1107 1162 1290 1234 verborum.

257 1285 342 1356 Hoc
354 1295 460 1353 autem
478 1287 527 1368 (ut
541 1283 619 1365 dixi)
635 1283 901 1370 generedicendi,
924 1285 1045 1370 aptiora
1067 1293 1143 1353 suut
1164 1285 1290 1354 adoles-

258 1408 403 1478 centibus
417 1433 427 1488 ς
451 1408 485 1474 in
497 1409 627 1474 senibus
641 1407 826 1494 gravitatem
838 1429 903 1472 nnn
916 1407 1047 1476 liabent.
1069 1407 1181 1493 ltaque
1198 1407 1289 1484 Hor-

150 1619 154 1629 ,
257 1531 392 1615 tensius,
413 1541 549 1618 unoque
570 1553 685 1618 genere
697 1533 824 1612 floreus,
845 1533 998 1596 clamores
1013 1531 1148 1598 iaciebat
1162 1529 1288 1597 odoles-

256 1675 344 1720 cens.
378 1653 525 1730 Habebat
533 1653 618 1720 enirn
630 1651 710 1718 illud
721 1652 862 1718 studium
875 1653 1053 1717 crebrarum
1065 1661 1286 1718 venustarum-

254 1797 318 1861 que
334 1772 573 1852 sententiarum,
589 1771 752 1857 inquibus
767 1779 856 1848 erant
870 1770 1015 1858 quedam
1029 1771 1129 1854 magis
1144 1779 1288 1838 venusto

255 1901 427 1983 dulcesque
442 1895 622 1976 sententia,
646 1899 743 1983 quam
756 1905 812 1960 aut
826 1893 1022 1976 necessariae,
1048 1905 1103 1962 aut
1127 1883 1286 1964 interdum

256 2019 364 2086 utiles.
385 2017 431 2088 Et
442 2028 508 2084 erat
519 2017 619 2084 oratio
632 2019 705 2086 cbnr
717 2016 888 2084 incitataet
899 2017 1037 2100 vibrans,
1049 2016 1222 2089 tumetium
1232 2039 1287 2085 ac·

255 2151 364 2213 comte
377 2151 409 2208 et
421 2141 531 2228 polita.
574 2141 651 2206 Non
665 2143 839 2228 probantur
853 2139 924 2208 hee
939 2140 1067 2210 senibus
1082 2143 1181 2230 (sape
1195 2139 1284 2208 vide-

254 2267 328 2334 bam
343 2267 416 2334 edm
432 2263 627 2346 irridentem,
642 2273 710 2330 tum
725 2263 821 2330 etism
833 2251 1021 2331 irascentem
1036 2271 1069 2330 et
1083 2263 1285 2352 stomsehan·

255 2399 320 2472 tem
334 2385 544 2473 Philippum,)
571 2385 626 2454 sed
647 2385 842 2455 mirabantur
863 2386 1090 2470 adolescentes,
1115 2388 1286 2458 mulititudo

255 2513 451 2582 movebatur.
494 2511 572 2576 Erat
586 2511 744 2584 excellens
754 2510 877 2600 judicio
893 2513 994 2601 vulgi,
1012 2525 1044 2579 et
1061 2515 1153 2590 facile
1166 2513 1283 2604 primns
1390 2573 1391 2576 ,

254 2637 383 2704 tenebat
397 2635 594 2708 adolescens.
639 2633 711 2726 Etsi
726 2635 810 2702 eninr
825 2658 928 2722 genus
940 2636 1020 2707 illud
1032 2637 1159 2708 dicendi
1172 2647 1282 2706 sucto-

252 2759 354 2830 ritatis
370 2761 508 2831 habebat
534 2779 655 2843 purum,
676 2769 782 2826 tanuen
797 2771 906 2847 aptum
920 2781 991 2828 esse
1003 2761 1090 2830 etati
1105 2761 1282 2831 uidebatur.

255 2881 330 2960 Sed,
357 2885 431 2948 eum
450 2879 517 2967 jaqr
544 2881 692 2963 honores,
716 2882 826 2948 stilla
849 2881 953 2948 senior
971 2883 1141 2952 auctoritas
1154 2885 1282 2970 gravius
1390 2907 1391 2930 ¹

254 3003 403 3090 quiddam
418 3005 601 3088 requireret,
622 3005 804 3073 remanebat
822 3004 922 3086 idem,
947 3025 1005 3072 nee
1027 3007 1159 3074 decebat
1174 3007 1281 3076 idem:

254 3127 401 3214 quddque
416 3122 673 3197 exercitationem
688 3127 890 3214 studiumque
904 3126 1074 3212 dimiserat,
1097 3132 1183 3218 quod
1197 3131 1231 3198 in
1242 3155 1282 3200 eo
1390 3129 1391 3138 ’

255 3255 358 3334 fuerat
372 3251 570 3334 acerrimum,
584 3249 779 3318 concinnitas
794 3249 859 3334 illa,
874 3253 1084 3340 crebritasque
1108 3255 1281 3338 sententia·
1390 3297 1391 3342 q

253 3399 326 3443 rum
351 3377 485 3465 pristina
509 3377 670 3457 manebat,
704 3375 758 3442 sed
781 3375 1019 3446 esvestituillo
1038 3379 1282 3468 undenisque
1390 3365 1391 3446 ἶ

255 3505 472 3576 consueverat,
487 3503 598 3560 ornata
609 3515 672 3558 non
687 3503 765 3562 crat.
810 3493 885 3565 Hoc
898 3494 956 3562 tibi
968 3496 1034 3578 ille,
1049 3497 1158 3580 Brute,
1174 3499 1280 3570 minua

252 3621 385 3684 terrase
399 3617 531 3702 placuit,
551 3620 646 3702 qudnr
659 3615 839 3702 placuisset,
862 3617 889 3682 si
907 3617 996 3686 illum
1011 3619 1193 3705 flagrantem
1210 3635 1279 3692 stu·
1390 3655 1391 3704 i

253 3739 319 3820 dio,
335 3747 367 3804 et
381 3740 543 3806 florentem
558 3737 706 3806 facultate
722 3737 827 3820 audire
840 3738 1008 3824 potuisses.

289 3863 355 3936 ·llle
370 3865 389 3928 t
404 3863 517 3930 Crasso
537 3863 668 3936 consule
680 3873 713 3928 et
728 3863 871 3936 Screvolb
884 3885 984 3952 usque
1010 3865 1049 3934 sd
1075 3867 1220 3945 Paulum
1245 3883 1279 3946 et
