2724 4494
393 254 400 282 ,
508 193 685 264 Tucrro.
749 221 752 227 ·
1051 195 1114 264 sss

75 373 199 438 musam
214 368 343 439 sociato
354 389 428 436 eum
443 365 557 434 marito
578 366 689 450 mortis
702 366 872 456 petiaisser
896 367 1114 448 deindeobla-

76 461 113 558 ab
136 489 263 558 mitiore
284 511 351 576 spe,
374 486 599 554 blandimentis
623 487 697 552 vitre
722 485 867 584 evictam.
891 487 972 575 ,cui
994 489 1111 556 eddidit

76 634 200 702 paucos
215 623 326 698 postea
339 632 451 692 annos,
465 609 614 676 laudabili
629 610 662 674 in
678 609 826 675 maritum
840 610 1002 692 memoris,
1014 621 1047 676 et
1059 634 1113 696 ore

79 757 120 801 ac
133 733 283 800 membris
295 733 328 800 iu
340 755 413 798 eum
428 734 581 820 pallorem
601 732 794 814 albentibus,
815 742 852 797 ut
866 731 1006 798 ostentui
1021 743 1115 814 esset,

79 857 223 924 multum
238 854 341 920 vitulis
356 853 483 942 spiritus
498 864 654 940 egestum.
697 855 818 920 Seneca
831 854 969 938 interim,
983 855 1116 920 durante

82 987 201 1056 tractu,
224 987 257 1042 et
279 973 469 1040 lentitudine
490 975 612 1058 mortis,
626 975 765 1042 Statium
778 975 951 1056 Annaeum,
974 975 1030 1040 diu
1054 975 1114 1068 sibi

80 1098 231 1166 amicitias
247 1097 309 1166 flde
327 1109 360 1164 et
382 1107 448 1162 arte
462 1097 628 1166 medicinas
651 1101 830 1186 probatum,
852 1108 932 1182 orat,
956 1099 1116 1185 provisum

81 1221 205 1310 punem
218 1241 391 1302 venenum,
411 1241 476 1312 quo
490 1220 630 1291 damuati
651 1201 782 1308 pustino
803 1221 1047 1288 Atheniensium
1057 1221 1114 1310 ju-

81 1343 166 1412 dicio
177 1342 465 1432 exstinguerentur,
475 1354 650 1430 promerere
667 1345 860 1430 allatumque
871 1343 976 1410 hamis
984 1347 1110 1421 trusus,

83 1465 206 1554 frigidis
218 1464 288 1554 jem
302 1467 434 1546 artibus,
447 1475 479 1530 et
494 1467 603 1532 clauso
617 1487 746 1551 corpore
761 1465 925 1532 adversm
941 1467 1004 1532 vim
1019 1489 1114 1532 aene·

82 1591 132 1654 ni.
174 1587 337 1658 Postremi>
360 1599 509 1676 stagnum
527 1588 637 1654 eolides
660 1611 751 1678 aquae
772 1588 906 1672 intrent,
929 1609 1114 1678 respergens

83 1711 245 1804 proximos
259 1733 431 1796 seruorum,
452 1711 558 1778 additu
572 1733 661 1812 vous,
682 1712 797 1780 Ltnare
815 1734 847 1778 se
868 1713 1011 1800 liquorem
1030 1712 1117 1780 illum
1205 1793 1211 1806 .

82 1833 166 1905 Jovr
190 1807 418 1900 Lrasnnronr.
461 1833 547 1900 Exin
572 1827 687 1902 bulne'o
710 1835 830 1915 illatus,
852 1845 886 1900 et
908 1857 1022 1924 vapore
1045 1833 1114 1924 ejus

82 1955 293 2038 exanimatus,
308 1954 376 2026 sine
390 1955 457 2022 ullo
471 1954 590 2025 tunsus
605 1955 730 2021 solenni
743 1966 910 2023 crematur.

504 2289 694 2337 m

439 2551 492 2622 Ex
513 2555 613 2622 Htsr.
635 2555 708 2624 Lib.
730 2503 762 2626 Ι.1
788 2591 791 2600 ·

526 2763 691 2832 GALBA.

87 2894 282 3017 GALBAE
294 2971 410 3038 corpus
424 2951 479 3017 diu
494 2954 690 3040 neglectum,
711 2965 744 3021 et
767 2953 897 3024 licentia
917 2962 1116 3032 tenebrnrmn

83 3061 230 3156 plurimis
242 3061 386 3129 ludibriis
401 3075 562 3146 vexatum,
578 3065 774 3154 dispensator
788 3069 917 3156 Argius,
932 3073 1118 3160 epularibus
1186 3097 1189 3102 ’

85 3185 195 3266 servis,
215 3185 346 3252 humilis
370 3189 531 3273 sepultura
546 3189 579 3256 ln
601 3191 729 3280 privatis
752 3191 821 3282 ejus
843 3195 942 3262 hortis
964 3199 1116 3266 contexit.

83 3305 185 3376 Hune
197 3307 316 3374 exitum
331 3307 443 3375 habuit
452 3311 520 3377 Ser.
534 3309 636 3378 Galba
647 3311 748 3380 tribus
760 3325 793 3382 et
804 3318 1004 3404 septuaginta
1015 3317 1117 3388 annis.

85 3428 237 3516 Quinque
264 3431 421 3518 principes
443 3435 593 3522 prospers
619 3435 748 3503 fortund
771 3461 930 3523 emensus,
959 3427 993 3507 et
1014 3440 1118 3512 alieno

84 3555 217 3639 imperio
240 3553 373 3637 felicior,
399 3559 495 3643 quim
521 3580 591 3624 suo.
634 3557 735 3626 Vetus
759 3562 792 3628 in
816 3561 936 3630 familia
958 3565 1116 3641 nobilitas.

86 3679 210 3771 nlagne'e
233 3695 318 3772 opes.
364 3675 430 3762 Ipsi
451 3675 590 3743 medium
615 3677 792 3766 ingenium,
817 3687 916 3770 magis
936 3697 1023 3754 extra
1044 3689 1119 3755 vitia

85 3799 270 3882 quam'cum
285 3795 467 3865 uirtutibus.
510 3799 618 3868 Fames
641 3803 700 3871 nee
720 3797 910 3891 incuriosus,
934 3831 992 3876 nec
1007 3809 1116 3878 vendi-
