2804 4524
244 257 285 318 12
597 245 914 339 murmurio

242 417 298 500 riu,
320 420 476 506 obsequar
494 417 609 487 studiis
635 421 771 504 nostris3
794 432 827 490 et
841 433 996 511 quantum
1012 422 1091 489 mihi
1114 425 1272 494 velimus

240 539 453 620 inimieorum,
476 544 526 610 vel
548 565 655 620 cause,
675 545 931 625 emicomm,⁴vel
953 545 1133 634 respublica
1153 549 1275 614 tribuet

242 664 314 747 otii,
329 665 582 732 adscribendum
594 667 798 754 potissimum
811 671 983 734 conseram.
1020 669 1095 736 'libi
1109 671 1193 752 verb,
1207 673 1275 736 lra-

242 795 302 868 ter,
328 808 432 873 neque
454 785 595 852 hortanti
621 787 728 869 deero,
755 809 859 876 neque
880 789 1017 876 roganti.
1060 789 1145 857 Nom
1168 811 1274 878 neque

242 906 429 973 auctoritate
443 905 611 994 quisquam
626 909 711 996 apud
726 930 776 974 me
791 909 864 996 plus
878 910 980 975 valere
993 919 1026 976 te
1037 919 1157 998 potest,
1168 931 1274 1006 neque

246 1029 421 1096 volumtate.

283 1275 335 1340 Ac
357 1273 437 1340 toihi
459 1273 586 1361 quidem
613 1275 831 1360 sepenumerb
851 1273 886 1339 in
904 1295 1047 1340 summos
1061 1271 1209 1342 homines
1234 1297 1273 1344 uc

242 1393 377 1464 cummis
389 1393 526 1481 ingeniis
537 1393 686 1482 preditos
698 1393 849 1476 intuenti,
861 1393 1068 1482 querendum
1082 1416 1151 1460 csse
1166 1395 1271 1464 vicum
1387 1396 1388 1412 ¹

241 1531 302 1602 cet,
316 1519 394 1607 quid
408 1527 504 1599 esset,
516 1539 574 1584 cur
587 1521 694 1604 plures
709 1517 742 1582 iu
757 1517 907 1584 omnibus
920 1519 1053 1598 artibus,
1067 1521 1163 1604 qubm
1175 1517 1210 1582 iu
1220 1518 1271 1584 di·

243 1643 343 1710 cendo
358 1641 556 1710 admirabiles
571 1641 779 1706 exstitissent.
823 1640 920 1720 Nam,
940 1661 1142 1728 quocumque
1156 1651 1187 1706 ce
1201 1640 1272 1708 mi.

240 1789 297 1834 mo
311 1776 344 1830 et
358 1765 549 1848 cogitatione
579 1761 783 1840 converteris,
813 1763 988 1848 permultos
1015 1765 1207 1832 excellentes
1235 1763 1269 1837 in
1390 1821 1391 1832 ,

185 1955 190 1966 ,
241 1907 369 1976 quoque
379 1906 495 1972 genere
509 1883 642 1966 videbis,
658 1907 723 1952 uon
738 1881 944 1950 mediocrium
959 1884 1088 1970 artium
1101 1887 1155 1952 sed
1169 1877 1268 1974 propc'
1391 1948 1392 1966 ,

239 2009 462 2078 maximarum.
507 2005 589 2080 Qus
612 2005 700 2072 euim
720 2018 782 2088 ert,
804 2005 873 2092 qui,
890 2005 917 2072 si
932 2009 1087 2074 clarorum
1101 2009 1270 2080 homiuum
1392 2086 1393 2104 χ

242 2131 419 2212 scientium,
445 2151 552 2196 rerum
575 2137 737 2214 gestamm
752 2129 802 2192 vel
817 2127 967 2210 utilitate,
988 2131 1038 2196 vel
1052 2131 1272 2216 magnitudine

243 2256 348 2326 metiri
371 2253 458 2334 velit,
485 2275 550 2318 non
575 2262 750 2340 anteponat
776 2253 894 2318 oratori
919 2252 1164 2340 imperatorem?
1188 2255 1271 2325 Quis

240 2389 348 2448 cutem
374 2377 512 2458 dubitet,
540 2375 618 2461 quin
641 2373 717 2440 belli
732 2373 829 2440 duces
844 2395 884 2438 ex
899 2375 959 2438 blo
979 2375 1059 2438 unt'
1071 2373 1198 2442 civitate
1220 2381 1271 2444 vel

239 2499 519 2593 praestantissimos
528 2503 619 2584 paene
633 2494 894 2576 innumerabiles,
905 2495 940 2560 in
952 2493 1202 2560 dicendoautem
1213 2519 1270 2562 ex-

239 2627 391 2692 cellentes
406 2623 459 2686 vix
470 2641 587 2707 poucoo
600 2619 737 2704 proferre
749 2617 930 2704 poscimur?
954 2616 1029 2684 Jam
1042 2617 1124 2700 verb,
1136 2617 1274 2688 concillo

240 2771 277 2814 ac
292 2745 448 2834 sepientil
459 2743 515 2832 qui
529 2763 636 2830 regere
649 2763 686 2806 ac
698 2743 873 2828 gubernare
885 2741 1113 2828 rempublicam
1127 2754 1270 2830 possent,

239 2871 336 2938 multi
352 2873 470 2947 nostra,
485 2869 592 2952 plures
608 2875 733 2950 patrum
753 2864 917 2944 memorii,
937 2874 1032 2950 atque
1052 2865 1147 2929 etiam
1168 2863 1269 2952 mejo-

238 3011 311 3060 rum
327 2988 539 3066 exstiterunt3
563 2989 636 3050 cbm
649 2984 724 3048 boni
740 2983 852 3069 perdiu
864 2983 957 3064 nulli,
968 2983 1021 3046 vix
1035 2993 1142 3048 autem
1157 2984 1268 3070 singu-

239 3111 279 3178 lis
292 3107 440 3174 aetatlbus
456 3105 575 3190 singuli
590 3103 768 3170 tolerabiles
783 3113 922 3168 oratores
937 3103 1165 3170 invenirentur.
1208 3107 1269 3188 Ac,

231 3257 281 3316 ‚nc
295 3205 369 3320 quis¹
381 3233 463 3300 sorte
479 3249 553 3292 cum
568 3227 637 3292 eliis
654 3225 780 3306 studiis,
802 3247 875 3311 qum
897 3227 1067 3294 reconditis
1089 3227 1123 3292 in
1138 3228 1269 3310 artibus,

239 3367 335 3444 atque
349 3357 382 3420 in
395 3351 531 3441 quadam
543 3349 691 3414 verietate
709 3349 870 3414 literarum
885 3351 1173 3436 versenturpmagis
1188 3352 1270 3418 banc

226 3478 364 3550 ,dicendi
380 3475 545 3554 radonem,
558 3475 656 3558 ¹quiem
672 3493 746 3538 cnm
761 3471 959 3558 imperatoris
985 3472 1089 3556 laude,
1115 3483 1171 3538 aut
1194 3497 1268 3540 cum

238 3599 318 3668 boni
339 3597 491 3665 senatorio
514 3591 680 3682 prudentia
703 3593 945 3680 comperandum
969 3603 1085 3678 putet3
1107 3607 1270 3663 convertat

238 3723 396 3804 animum,
418 3729 450 3784 et
472 3721 541 3804 ipse
555 3716 671 3782 artium
684 3735 802 3798 genera
822 3715 1066 3802 circumspiciat,
1093 3717 1212 3804 quique
1233 3720 1267 3786 iu

239 3845 279 3914 iis
300 3841 473 3920 floruerint,
499 3841 656 3926 quemque
672 3835 788 3931 multi:
812 3835 857 3902 sic
878 3837 1042 3918 facillime,
1057 3849 1177 3925 quauta
1197 3861 1274 3908 ora-—

239 3979 345 4037 torum
359 3965 414 4051 sit,
426 3983 611 4050 semperque
626 3961 722 4054 luerit
737 3959 892 4048 paucitas,
901 3957 1074 4048 judicabit.
