2750 4510
254 261 296 316 nt
452 283 460 294 -
607 245 920 338 aeltntttrtlo

246 419 394 494 procide:
409 419 448 485 de
460 437 525 508 quo
534 421 605 486 ciam
618 417 815 506 quaesivisset
827 419 888 486 hoc
901 419 984 486 idem
1000 429 1152 512 tyrannus
1163 419 1285 508 Hiero,

243 545 435 612 deliberandi
451 549 545 610 causl
567 543 627 608 sibi
651 567 750 610 unum
773 543 856 608 diem
871 543 1052 630 postulavit.
1097 543 1283 614 cumidem

242 691 282 738 ex
303 691 341 734 eo
364 669 516 756 postridie
539 679 705 754 quaereret,
731 667 865 732 biduum
887 667 1011 754 petivit.
1057 667 1138 732 cnm
1162 669 1283 754 saepius

241 791 416 878 duplicaret
431 812 598 854 numerum
620 789 756 869 ‹licrunn
777 789 997 876 admiransque
1023 789 1124 854 Hiero
1138 790 1281 876 require·

242 925 302 996 ¹ret,
316 936 372 978 cur
388 912 431 978 ita
444 913 582 996 laceret?
611 914 840 1000 Quirdquuutb,
856 913 972 1000 inquit,
988 914 1101 978 diritius
1115 915 1283 998 corceidet'o,

241 1036 415 1102 conranni
437 1057 485 1099 ree
507 1036 624 1100 videtur
647 1037 809 1102 obscenior.
854 1036 916 1100 Sed
933 1036 1131 1102 Simonidem
1146 1036 1282 1105 arbitror

245 1161 324 1242 (non
346 1157 431 1222 enim
455 1167 549 1242 poeta
575 1161 683 1224 sotum·
706 1158 823 1240 suavis,
848 1162 958 1224 verbm
986 1157 1081 1226 ctiam
1109 1161 1284 1246 caeteroqui

241 1283 354 1346 doctus
369 1279 556 1367 sapiensque
581 1281 727 1364 traditur)
745 1281 820 1368 quia
842 1285 944 1348 multa
968 1262 1115 1348 venirent
1130 1281 1164 1350 in
1189 1305 1281 1350 meu-

241 1413 306 1473 tem
328 1415 420 1470 acuta
441 1413 535 1490 atque
559 1404 701 1486 subtilia,
725 1404 937 1486 dubitantem,
961 1405 1040 1492 quio
1064 1427 1174 1472 corum
1194 1417 1278 1474 esset

244 1527 455 1608 verissimum,
471 1506 653 1613 desperasse
668 1551 797 1594 omnem
812 1527 989 1594 veritatem.
1088 1579 1093 1598 .

283 1651 355 1718 Nec
370 1651 443 1716 verb
456 1650 548 1716 Deus
572 1651 650 1738 ipsc,
673 1650 729 1734 qui
744 1649 934 1734 intelligitur
956 1649 1091 1730 anobis,
1106 1649 1167 1714 alio
1183 1631 1278 1716 inodo

240 1773 378 1858 intelligi
392 1783 509 1858 potest,
526 1771 586 1836 nisi
601 1793 690 1836 mens
713 1775 819 1838 soluta
834 1773 977 1858 quaedam
994 1773 1153 1852 celibem,
1170 1794 1277 1858 segre·

242 1905 316 1978 gata
329 1897 368 1958 ab
384 1893 472 1958 omni
495 1893 698 1959 concretione
722 1893 859 1976 mortali,
873 1895 980 1962 omnia
1004 1895 1143 1962 sentiens
1159 1909 1193 1964 et
1206 1919 1277 1964 mo·

241 2039 329 2110 pens,
344 2015 472 2104 ipsaque
488 2017 619 2104 praedita
633 2031 724 2083 motu
739 2019 943 2106 sempiterno.

504 2169 530 2250 l

592 2269 942 2312 ...φ-.-

244 2457 247 2464 ⁴
331 2475 338 2488 ι
401 2433 459 2506 Ex
486 2431 570 2506 Lib.
590 2433 641 2505 11.
668 2433 715 2505 de
743 2431 886 2506 Natura
914 2431 1112 2508 Dsonnn.

240 2585 479 2706 Facturus
502 2619 742 2708 inungente
765 2620 825 2686 ans
849 2620 1079 2690 monialibus
1094 2623 1279 2696 nominibus

239 2777 307 2823 esse
327 2753 500 2842 provisum,
524 2752 551 2816 si
572 2751 631 2818 erit
658 2761 725 2816 tota
753 2751 910 2818 Horrrnrs
943 2751 1107 2820 fabricatio
1127 2775 1278 2842 perspec-

239 2891 284 2958 ta,
320 2878 488 2964 omnisque
522 2877 669 2942 humanm
704 2886 826 2942 nature
854 2877 956 2962 ligura
990 2887 1084 2962 atque
1112 2879 1277 2964 perfectio.

238 3000 373 3080 Sensus,
396 2999 581 3084 interpretes
605 3019 641 3062 ac
665 2998 771 3064 nuntii
794 3019 911 3080 rerum,
927 2998 959 3064 in
984 3000 1096 3088 capite,
1124 3015 1276 3090 tanqum
1367 2993 1368 3048 l

133 3159 140 3176 ,
237 3119 272 3188 iu
300 3141 383 3200 arec,
407 3117 538 3184 mirifice
564 3118 604 3184 ad
633 3141 710 3184 usus
739 3117 931 3186 necessarios
956 3131 988 3186 et
1012 3121 1089 3190 lacti
1112 3131 1145 3188 et
1171 3127 1275 3216 collo·

83 3209 87 3223 ¹
234 3241 301 3310 cati
314 3251 401 3306 sunt.
446 3239 530 3304 Nam
554 3241 652 3322 oculi,
667 3251 818 3328 tanquam
833 3243 1060 3328 speculatores,
1083 3243 1275 3314 altissimum

237 3369 344 3434 locum
359 3361 506 3430 obtinent
513 3385 526 3442 3
550 3385 589 3428 ex
610 3385 674 3450 quo
697 3363 833 3450 plurima
855 3365 1087 3452 conspicientes
1102 3369 1277 3454 fungantur
1299 3381 1302 3386 '

238 3511 298 3556 suo
311 3509 453 3554 munere.
496 3483 541 3552 Et
555 3507 657 3568 aures,
667 3489 741 3554 cbm
755 3509 870 3552 sonum
885 3489 1045 3576 percipere
1058 3490 1207 3574 debeant,
1220 3491 1275 3580 qui

238 3615 351 3680 natm
365 3611 397 3676 in
412 3609 548 3678 sublime
568 3612 680 3692 tenu,
694 3615 787 3696 recte,
802 3611 836 3676 in
862 3611 933 3676 altis
949 3635 1117 3704 corporum
1131 3614 1274 3702 partibus
1366 3621 1367 3624 ’

237 3732 401 3801 collocatur
415 3743 501 3798 sunt.
545 3731 690 3816 Itemque
713 3753 815 3812 nares,
830 3733 867 3796 eb
890 3731 977 3818 quod
1003 3731 1106 3798 omnis
1129 3731 1209 3800 odor
1235 3733 1273 3800 ad
1366 3809 1367 3816 χ

227 3853 397 3944 ‚superiora
411 3855 521 3938 fertur,
536 3859 621 3922 recte
637 3875 764 3924 sursum
779 3863 873 3922 sunta
896 3865 928 3954 pt
944 3857 1029 3946 qubd
1041 3855 1105 3926 cibi
1118 3867 1151 3924 et
1162 3859 1271 3950 potio·
