2750 4510
233 269 299 358 tua,
594 261 646 324 Ea
666 257 718 342 M,
737 259 903 330 'EULLlO

229 431 315 500 roal
328 429 485 520 corporisr
509 452 567 496 nec
581 428 703 520 injussu
717 429 797 518 ejus,
812 433 831 496 d
846 451 910 516 quo
921 427 974 496 ille
984 437 1034 494 est
1048 427 1136 501 voltis
1151 425 1264 524 datus,

229 575 269 620 ex
292 553 457 618 homiuum
484 554 547 620 viu
573 555 773 640 migrandum
797 563 864 636 est;
889 575 929 618 ne
951 573 1067 618 munus
1082 551 1265 619 humanum

231 675 423 761 assignatum
440 677 544 774 lDeo
560 675 719 760 defugisse
735 673 915 744 videamini.
947 673 1010 738 Sed
1024 671 1080 752 sic,
1094 671 1212 766 Scipio,
1226 680 1273 738 ut

228 819 303 864 avus
318 799 369 862 lric
385 809 469 880 tuus,
485 807 521 861 ut
536 819 606 882 ego,
622 797 676 882 qui
691 807 723 861 te
736 796 845 881 genui,
865 794 1022 881 justitiam
1038 797 1117 872 cole,
1132 805 1165 860 et
1190 793 1265 880 pic·

120 1005 125 1016 ¹
228 929 345 999 tatem;
369 941 440 1005 quaa
463 921 534 984 cdm
551 920 591 986 sit
606 941 722 1009 magna
744 918 776 984 in
800 917 983 1004 parentibus
1006 926 1039 980 et
1060 914 1266 1003 propinquis,

229 1015 346 1100 lumin
369 1034 468 1120 patrib
483 1033 619 1100 maxima
641 1045 700 1098 est.
744 1033 793 1100 Ea
816 1034 880 1098 vita
895 1033 945 1096 via
964 1043 1012 1096 est
1028 1033 1060 1096 in
1075 1033 1207 1110 coeluur,
1228 1041 1267 1093 et.

230 1155 263 1220 in
280 1155 366 1220 hunc
380 1167 501 1220 coetum
513 1177 633 1236 eorum,
646 1155 700 1242 qui
710 1153 776 1242 jam
793 1155 949 1236 vixerunt,
960 1165 993 1218 et
1007 1174 1135 1244 corpore
1151 1149 1265 1232 laxati,

229 1274 320 1353 illum
334 1277 479 1344 incolunt
493 1279 611 1360 locum,
621 1298 716 1362 quem
732 1277 852 1350 vides.''
896 1277 974 1342 Erat
990 1287 1094 1340 autern
1109 1275 1135 1338 is
1150 1275 1264 1370 spleq-

227 1399 389 1496 didissimo
413 1402 546 1466 candore
570 1403 652 1468 inter
673 1403 811 1468 flammas
835 1403 963 1466 elucens
987 1400 1133 1472 circulus,
1162 1419 1265 1490 queqn

228 1543 296 1619 ros,
311 1528 375 1590 utb
389 1525 491 1590 Graiis
507 1525 680 1612 accepistis,
701 1525 809 1590 orbem
830 1526 967 1588 lacteum
983 1519 1194 1608 nuncupatisr
1220 1539 1264 1586 ex

228 1667 292 1732 quo
304 1646 410 1712 omnia
421 1647 500 1712 mibi
513 1645 749 1732 contemplanti,
764 1648 913 1732 praeclara
927 1655 1043 1714 caetera
1055 1653 1088 1708 et
1103 1642 1265 1711 mirabilia

228 1767 424 1834 videbantur.
456 1769 555 1834 Erant
570 1779 675 1832 autem
690 1789 736 1832 eae
751 1769 863 1846 stellae,
879 1787 955 1852 quas
971 1763 1265 1854 nunquamexltoc

229 1889 302 1954 loco
327 1889 485 1968 vidimusr
508 1899 540 1958 et
568 1911 615 1956 ere
640 1888 876 1976 magnitudines
902 1889 1058 1981 omnium,
1084 1909 1161 1974 quas
1191 1908 1267 1954 csse

229 2031 392 2096 nunquam
415 2011 565 2098 suspicati
588 2034 717 2078 sumus:
740 2034 778 2105 ex
802 2012 929 2110 quibus,
943 2021 1012 2079 erat
1038 2011 1092 2076 illa
1116 2009 1266 2092 minima,

231 2109 302 2216 quae
317 2131 429 2196 ultima
443 2133 653 2214 coelo,citin1a
668 2133 850 2228 tenialuce
865 2133 1117 2224 lucebataliana.
1141 2131 1264 2222 Stella-

229 2273 300 2318 rum
330 2265 435 2318 autem
457 2253 546 2337 globi
576 2265 665 2322 terrae
688 2255 939 2340 magnitudinem
960 2227 1054 2322 facile
1079 2255 1263 2342 vincebant.

141 2449 144 2456 ,
227 2371 301 2442 Jam
315 2375 387 2438 verb
401 2375 468 2458 ipsa
478 2387 564 2473 ‘terrq
578 2374 621 2440 ita
636 2375 713 2440 mihi
730 2398 824 2467 parva
846 2375 911 2440 visa
925 2387 985 2458 est,
1008 2387 1044 2442 ut
1068 2397 1118 2442 me
1133 2375 1261 2464 imperii

227 2495 338 2578 nostri,
353 2476 417 2582 quo
432 2497 520 2583 quasi
535 2509 691 2584 punctum
706 2497 773 2586 ejus
789 2499 984 2586 attingimus,
998 2497 1181 2584 poauiteret.

272 2619 376 2690 Quam
392 2623 464 2684 edm
479 2621 577 2706 magis
591 2621 741 2716 intuerer,
757 2627 780 2662 “
791 2621 946 2702 Quoeso,”
957 2620 1061 2710 inquit
1071 2619 1261 2710 Africanus,

232 2745 257 2782 “
270 2763 435 2830 quousque
458 2743 548 2817 humi
571 2743 673 2808 defixa
693 2754 749 2812 tua
761 2767 850 2810 mens
865 2745 950 2816 erit?
974 2744 1098 2835 Nonne
1113 2741 1263 2830 adspicis,

125 2919 130 2926 .
230 2883 301 2946 quae
314 2861 347 2924 in
360 2865 479 2946 templa
487 2863 631 2928 veneris''
644 2867 655 2928 l
679 2865 761 2935 Quat
774 2867 845 2928 cum
859 2863 994 2932 intuerer
1006 2873 1149 2952 stupens,
1158 2871 1195 2930 ut
1207 2883 1263 2930 me

227 2981 342 3066 recepi,
358 2985 379 3020 “
394 2983 474 3052 Quis
487 2984 572 3064 bic‚''
587 2985 728 3070 inquam,
744 2991 766 3024 “
780 2984 850 3071 quis
863 2994 922 3064 est,
943 2983 998 3072 qui
1010 2987 1151 3072 complet
1166 3007 1260 3058 aures

231 3121 328 3182 meas,
344 3112 449 3168 tantus
463 3115 495 3169 et
509 3115 574 3170 tarn
586 3105 686 3172 dulcis
702 3107 845 3174 sonus''l
863 3110 885 3146 “
903 3105 1059 3188 Hicest‚”
1076 3107 1180 3196 inquit
1190 3107 1258 3200 ille,

229 3223 322 3310 “qui
342 3224 482 3312 impulsu
508 3237 540 3292 et
564 3239 653 3292 motu
679 3228 818 3312 ipsorum
840 3228 962 3294 orbium
985 3227 1178 3307 configitur:
1199 3227 1257 3316 qui

229 3355 321 3410 acuta
335 3367 409 3412 eum
423 3345 569 3430 gravibus
586 3357 775 3432 temperans,
795 3349 894 3414 varios
910 3349 1106 3437 aequabiliter
1121 3371 1258 3416 concen-

227 3477 279 3529 tus
294 3464 399 3530 efficit.
432 3467 502 3532 Nec
516 3466 601 3532 caim
616 3467 740 3532 silentio
755 3469 834 3536 tanti
854 3481 961 3556 motus¹
974 3471 1101 3562 incitari,
1110 3481 1258 3562 possunt.

227 3584 302 3652 Hoc
333 3588 439 3652 sonitu
469 3592 604 3676 oppletae
626 3611 714 3654 aures
737 3593 992 3692 obsurduerunt3
1017 3615 1075 3657 neo
1100 3603 1149 3660 est
1171 3595 1255 3660 ullus
1371 3641 1372 3660 .

229 3707 371 3772 hebetior
399 3733 508 3776 sensus
536 3711 568 3776 in
598 3712 697 3778 vobis.
741 3713 835 3780 Sicut
855 3715 909 3778 ubi
931 3715 1025 3780 Nilus
1046 3715 1084 3780 ad
1099 3715 1166 3796 illa,
1185 3737 1258 3800 quaa

230 3829 391 3918 Catadupa
413 3835 624 3918 nominantur,
645 3837 822 3926 praecipitat
844 3859 883 3902 ex
898 3837 1059 3904 altissimis
1082 3837 1257 3920 montibus,
