2756 4484
384 301 387 318 .
497 259 549 324 aa
571 257 731 322 aarum.
856 239 860 246 ’

289 504 542 568 Ancusrnrrrusr
557 499 671 564 Enisa.
686 499 805 564 XXIV.
823 497 899 562 Lib.
916 497 943 561 1.

182 687 323 770 Hispala
343 687 549 771 Tranquillmn
565 687 751 749 cmnrmrrrlnt
767 685 798 747 in
813 682 935 746 etrrcnrlo
949 681 1060 765 agell).

235 859 272 922 e.
295 857 472 924 ruimus
495 858 630 922 namo
655 856 848 920 tuscano
872 855 940 918 sta
956 827 989 917 s'.

109 983 471 1122 TRANQUILLUS,
487 1040 719 1134 contubernalis
737 1061 838 1116 meus,
849 1039 916 1102 vult
929 1057 1030 1098 emere
1043 1035 1128 1118 agel·

105 1153 186 1232 lum,
213 1173 307 1238 quem
332 1153 491 1217 venditare
507 1153 626 1216 amicus
649 1161 721 1215 tuns
743 1149 868 1214 dicitnr.
912 1149 1004 1231 Rogo
1029 1166 1129 1231 cures,

106 1273 217 1360 quanti
232 1297 358 1360 aeqnum
370 1285 428 1354 est,
444 1285 537 1338 emat.
560 1273 607 1336 Ita
623 1274 706 1335 enim
720 1273 886 1334 delectabit
901 1271 1032 1333 emisse:
1057 1289 1129 1334 nam

105 1393 188 1456 mala
202 1393 319 1478 emptio
335 1415 457 1478 semper
472 1393 593 1475 ingrata
608 1403 655 1454 est
664 1415 674 1469 ;
699 1392 735 1452 eir
757 1389 901 1466 maxims,
917 1387 999 1472 quad
1013 1409 1125 1472 expro-

108 1513 197 1576 brare
214 1511 382 1576 stultitiam
399 1511 528 1576 domino
542 1511 676 1580 videtur.
722 1509 757 1573 ln
772 1511 833 1572 lroc
849 1519 954 1571 autum
971 1509 1073 1590 agello
1088 1506 1128 1592 (si

107 1633 202 1700 moda
216 1633 359 1698 adriscrit
372 1634 524 1718 pretium)
542 1633 717 1718 Tranquilli
733 1631 793 1696 mci
815 1631 1012 1696 stomachum
1029 1631 1129 1692 multa

106 1756 291 1836 sollicitant,
304 1755 448 1820 vicinitas
471 1756 570 1834 urbis,
592 1755 810 1841 opportunitas
834 1753 905 1834 viae,
930 1749 1129 1814 mediocritas

107 1877 204 1960 villa,
227 1877 339 1943 modus
368 1879 469 1962 ruris„
489 1877 543 1963 qui
569 1887 678 1941 avocet
702 1879 802 1960 magis
829 1879 923 1960 quam
951 1873 1129 1958 distringat.

108 1999 311 2066 Scholasticis
326 2001 441 2088 porra,
450 2010 487 2064 at
502 2001 555 2064 hlc
571 2010 629 2080 est,
644 1997 760 2066 sufficit
774 1999 898 2062 abund&
911 2007 1035 2062 tantum
1058 1996 1129 2079 soli,

104 2133 142 2188 ut
170 2126 306 2188 relevare
330 2131 435 2210 caput,
464 2121 590 2187 reficere
611 2123 730 2202 oculos,
757 2129 876 2208 reptare
901 2143 957 2207 per
983 2119 1127 2200 limitem,

106 2265 266 2332 unanrque
282 2243 426 2310 semitam
440 2256 550 2326 terere,
563 2265 736 2330 omnesque
748 2235 891 2310 viticulas
904 2266 976 2310 suas
990 2248 1082 2310 nasse
1098 2252 1131 2307 ct

106 2383 271 2428 numerare
286 2363 466 2426 arbusculas
481 2363 615 2446 possint.
639 2365 720 2426 Haec
735 2361 792 2424 tibi
802 2364 943 2446 exposui,
955 2366 1017 2446 quo
1030 2369 1130 2446 magis

105 2483 215 2562 scires,
236 2483 389 2566 quantum
406 2479 459 2541 ille
471 2489 554 2542 esset
575 2479 664 2556 mihi,
686 2483 838 2566 quantum
854 2501 913 2562 ego
928 2479 987 2544 tibi
1002 2481 1128 2546 debitu-

105 2623 174 2683 rus,
201 2601 228 2664 si
248 2599 433 2686 praediolum
449 2596 545 2677 istud,
568 2594 652 2682 quod
672 2587 909 2662 commendatur
923 2597 973 2660 his
989 2581 1128 2680 dotibus,

106 2737 172 2792 tarn
187 2723 352 2791 salubriter
366 2719 487 2800 emerit,
499 2731 535 2784 ut
550 2717 749 2804 poenitentiae
765 2721 871 2784 locum
888 2743 950 2804 non
962 2722 1128 2808 relinquat.

109 2851 197 2918 Vale.

301 3173 554 3235 Ansunmmum
569 3167 683 3231 Errsr.
696 3167 788 3232 Xlll.
809 3169 882 3234 ub.
898 3170 942 3236 ll.

131 3349 239 3415 Prisco
254 3346 408 3428 copiarum
421 3341 529 3432 rectori
548 3341 709 3405 Voconium
720 3339 895 3406 Romam
909 3349 1109 3416 aomrrrcndut.
1217 3387 1222 3400 .

335 3517 372 3578 C.
395 3511 571 3579 PLINIUS
596 3509 751 3577 PRISCO
774 3513 843 3577 Suo
866 3514 899 3579 S.

117 3641 210 3762 ET
232 3707 268 3760 tu
289 3693 469 3760 occasiones
492 3691 652 3776 obligandi
664 3695 718 3756 'me
731 3694 908 3760 avidissima
924 3699 1133 3782 amplecteris,

112 3819 146 3872 et
168 3829 228 3892 ego
254 3803 373 3870 nemini
390 3803 540 3868 libentius
555 3805 666 3868 dcbco.
710 3805 843 3870 Duabus
867 3828 941 3891 ergo
967 3810 1006 3874 de
1032 3811 1134 3876 causis

111 3936 130 3996 a
146 3941 177 3996 te
192 3927 392 4016 potissimam
407 3935 513 4014 petere
529 3924 694 4008 constitui,
710 3928 796 4012 quod
811 3929 1014 4016 impetratum
1036 3934 1136 3999 masi.

596 4055 616 4112 8
633 4047 659 4114 F
