2804 4524
517 223 759 351 mensumn.
1108 285 1150 366 ῃ

158 451 676 540 Necveerytbagorasaominis
688 454 795 520 solum
816 451 974 536 inventor,
987 454 1042 520 sed
1054 475 1159 522 rerum

15 559 17 574 *
115 576 216 643 etiam
239 575 379 662 ipsarum
402 571 611 660 amplificator
641 571 716 639 brit.
759 572 838 652 Qui,
862 575 936 640 edm
965 585 1040 660 post
1070 574 1160 640 bunc

115 694 297 766 Phliasium
320 713 511 774 sermonem,
533 692 567 758 in
590 689 716 762 ltaliam
737 693 888 776 venisset,
909 695 1073 760 exornavit
1092 715 1162 762 eam

115 817 291 898 Graciam,
313 837 385 902 qum
407 815 530 901 Magna
550 813 637 886 clieta
657 827 721 897 ert,
742 825 776 882 et
797 815 945 903 privatim
966 827 1000 884 et
1020 818 1162 904 publice,

116 937 391 1030 praestantissimis
402 949 435 1006 et
448 937 607 1004 institutis
622 939 804 1010 stantibus.
829 938 929 1028 Cujus
944 941 984 1012 de
996 941 1162 1028 discipliuil
1287 961 1291 970 ·

120 1061 210 1128 aliud
225 1071 351 1148 tempas
365 1060 461 1126 fuerit
475 1061 608 1126 fortasse
620 1059 757 1126 dicendi.
786 1061 848 1128 Sed
861 1065 901 1128 ab
915 1063 1045 1148 antiqua
1055 1062 1162 1154 philo·

118 1183 233 1272 sophil
264 1205 366 1270 usque
397 1183 437 1248 ad
458 1183 622 1254 Socratem
651 1184 719 1270 (qui
740 1183 943 1268 Archelaum,
966 1187 1163 1272 Anaxagorae

117 1308 324 1396 discipulum,
345 1303 498 1388 audierat)
531 1305 656 1373 numeri
689 1319 858 1393 monaque
880 1311 1109 1394 tractabantur,
1129 1321 1162 1378 et

122 1430 212 1497 unde
230 1431 338 1498 omnia
359 1432 527 1514 orirentur,
547 1433 649 1517 qubve
667 1431 870 1498 recederent:
901 1431 1105 1520 studioseque
1124 1433 1164 1498 alr

121 1555 174 1624 bis
190 1553 327 1622 siderum
342 1553 590 1640 magnitudines,
602 1553 777 1640 intervalla,
786 1571 900 1624 sursus
911 1553 1164 1641 inquirebantur,

126 1689 162 1746 et
177 1689 295 1746 cuneta
308 1677 463 1746 caelestia.
507 1675 655 1744 Socrates
670 1688 777 1744 autem
791 1676 914 1764 primus
927 1676 1163 1764 philosophiam

118 1797 287 1868 devocavit
308 1803 327 1868 ὲ
350 1801 447 1880 coelo,
472 1797 539 1863 et'
530 1821 564 1864 m
587 1798 720 1868 urbibus
744 1795 924 1881 colionrit,
947 1797 1013 1864 et
1004 1821 1037 1864 m
1051 1798 1163 1866 densos

122 1925 223 1992 etiam
246 1903 436 2004 introdusit,
450 1931 484 1990 et
497 1921 604 2010 coegit
625 1923 665 1994 de
688 1923 754 1992 virt
777 1931 810 1990 et
831 1921 984 2006 northus,
1007 1923 1164 2012 rebusque

123 2049 219 2116 bonis
234 2055 269 2112 et
282 2045 374 2112 malis
389 2065 540 2132 quarere.
862 2057 870 2070 ·

168 2167 271 2256 Cujus
285 2167 454 2256 multiplex
475 2165 555 2234 ratio
577 2165 770 2256 disputandi,
783 2189 952 2258 rerumque
974 2167 1123 2250 mian
1132 2181 1165 2237 et

124 2291 250 2380 ingenii
268 2289 469 2378 magnitudo,
484 2287 627 2356 Platonis
647 2289 800 2356 memoril
814 2300 847 2356 et
860 2289 959 2356 literis
974 2299 1165 2374 consecrata,

123 2419 217 2505 plura
226 2435 343 2501 genera
353 2412 458 2480 effecit
469 2411 723 2485 dissentientium
733 2413 1008 2501 pbilosophorum.
1050 2413 1165 2503 Equi·

128 2541 191 2606 bus
214 2559 274 2604 nos
296 2509 330 2602 id
350 2528 550 2624 potissimam
579 2535 750 2602 consectati
772 2554 895 2619 sumus,
917 2558 981 2624 quo
1003 2535 1166 2604 Socratem

106 2677 224 2728 'mum
246 2657 443 2739 arbitramur,
457 2665 495 2722 ut
516 2665 657 2722 normam
677 2655 739 2744 ipsi
762 2655 952 2722 sententiam
972 2666 1166 2742 tegeremus,

104 2799 109 2806 ·
127 2803 233 2852 errore
247 2781 325 2848 alios
340 2781 529 2860 levaremur,
551 2787 584 2842 et
602 2777 637 2844 in
652 2777 741 2844 omni
755 2775 980 2876 disputatione,
993 2777 1071 2864 quid
1081 2788 1165 2852 esset

103 2921 108 2931 '
129 2907 331 2976 simillimum
346 2906 422 2990 veri,
438 2924 663 2996 quereremus.
