2804 4524
560 269 801 352 CICERON'E.
1147 297 1186 354 tt

142 449 315 549 perfectius
327 455 485 543 uidemus,
501 457 597 532 ethis
612 457 754 546 picturis,
769 477 847 545 quas
869 449 1042 554 nominavi,
1055 457 1160 545 cogita
1185 525 1188 530 ,

144 608 182 650 re
195 595 302 650 tamen
314 581 688 670 possumuspulchriora.
732 581 802 648 Nec
819 581 893 648 verb
911 582 963 648 ille
973 582 1095 676 mules,
1106 587 1181 653 cum

145 709 267 772 faceret
286 704 378 770 Jovis
401 684 548 784 sormam,
578 715 640 800 aut¹
657 703 824 786 Minervae,
839 707 1111 792 contemplabatur
1130 707 1187 772 eli·

147 851 261 916 quem,
280 833 298 894 ὲ
318 847 383 912 quo
406 825 645 892 similitudinem
669 825 817 908 duceret3
840 829 894 893 sed
911 829 1009 915 ipsius
1030 829 1063 894 in
1081 843 1188 897 mente

134 949 304 1016 ¹insidebat
317 945 438 1034 species
452 946 697 1037 ptdehritudiais
716 946 833 1014 eximia
852 949 1010 1034 quaedam,
1029 950 1183 1034 quamiub

139 1059 252 1152 tue‘os,
267 1073 300 1136 in
322 1075 423 1154 etque
447 1069 581 1152 defixus,
604 1070 645 1135 ad
667 1069 752 1135 illius
776 1069 1014 1138 similitudinem
1036 1085 1136 1138 artem
1150 1084 1183 1140 et
1233 1079 1242 1094 '

138 1215 275 1260 uranum
296 1191 460 1278 dirigebat.
505 1191 551 1257 Ut
567 1191 664 1278 igitur
686 1191 720 1258 in
738 1193 848 1258 formis
863 1205 898 1260 et
922 1195 1030 1279 liguris
1049 1206 1098 1262 est
1118 1195 1178 1261 ali·
1282 1169 1285 1174 Δ

142 1317 225 1406 quid
238 1319 414 1410 perlectum
429 1327 461 1380 et
472 1317 640 1396 excellens,
652 1314 743 1402 cnjus
761 1315 800 1380 ad
811 1317 1021 1402 excogitatam
1040 1320 1179 1406 speciem
1238 1347 1244 1359 ’

141 1439 303 1514 imitando
316 1440 563 1518 referunturea,
578 1459 650 1522 quo
672 1441 731 1502 sub
746 1441 857 1504 oculos
874 1439 942 1524 ipsa
959 1461 1024 1506 non
1046 1441 1181 1523 cadunt3

139 1562 196 1630 sic
210 1563 362 1650 perlecto
378 1557 570 1646 eloquentie
585 1559 724 1644 speeiem
747 1558 853 1624 animo
876 1560 1029 1642 videmus,
1045 1563 1181 1648 effigiem

140 1682 276 1750 struibus
292 1679 473 1766 querimus.

187 1805 239 1872 M.
253 1803 426 1886 Antonim,
442 1802 494 1868 cui
508 1805 557 1867 vel
572 1803 688 1890 primas
704 1775 893 1888 eloquentie
911 1815 1039 1890 patrum
1054 1815 1179 1873 nostro-

139 1947 217 1994 rum
244 1925 404 1995 tribuebat
421 1935 510 2006 aetas,
531 1923 578 1988 vir
601 1929 712 1991 naturt
735 1935 903 2010 peracutus
918 1936 952 1990 et
974 1925 1123 2012 prudens,
1147 1926 1182 1996 in

135 2071 180 2116 eo
194 2047 288 2126 libro,
304 2065 403 2130 quem
424 2065 525 2117 unum
549 2043 685 2129 reliquit,
701 2043 831 2110 disertos
854 2044 899 2110 ait
920 2045 1080 2115 sevidisse
1096 2050 1179 2114 mul·-

137 2183 206 2252 tos,
224 2172 427 2262 eloquentem
444 2167 575 2235 omniuo
596 2167 766 2242 neminem.
811 2167 971 2240 Insidebat
985 2169 1130 2237 videlicet
1145 2171 1179 2255 in

136 2289 211 2380 ejus
226 2302 333 2358 mente
357 2289 477 2376 species
502 2289 820 2376 eloquentiae,‚quam
844 2295 993 2356 cernebat
1012 2293 1129 2376 animo,
1144 2316 1179 2366 re

138 2415 212 2502 ipsd
226 2434 292 2476 non
307 2410 444 2475 videbat.
488 2409 544 2474 Vir
565 2421 671 2474 autem
695 2409 845 2474 acerrimo
867 2410 996 2498 ingenio
1021 2413 1078 2500 (sic
1093 2414 1179 2478 enirn

136 2533 215 2618 fuit)
234 2535 335 2600 multa
350 2543 382 2598 et
397 2531 431 2596 in
454 2555 487 2598 se
509 2543 541 2596 et
562 2531 594 2595 in
607 2531 676 2596 aliis
690 2530 879 2614 desiderans,
896 2533 1056 2612 njentinem
1069 2537 1177 2620 plane,

139 2657 198 2746 qui
211 2664 298 2724 recte
320 2653 470 2744 appellari
490 2629 643 2742 eloquens
665 2656 776 2743 possit,
798 2655 932 2722 videbat.
974 2657 1050 2726 Quo
1072 2657 1104 2722 in
1118 2679 1176 2747 ge7

139 2803 228 2864 uere,
243 2780 304 2868 ipsi
318 2802 444 2866 quoque
457 2800 559 2878 usque
585 2781 624 2842 eb
647 2777 788 2841 difficiles
811 2800 847 2841 ac
870 2777 986 2841 morosi
1007 2800 1127 2860 sumus,
1143 2791 1180 2846 ut
1209 2775 1217 2792 ⁸

137 2905 233 2974 nobis
249 2925 315 2970 non
330 2902 500 2970 satisfaciat
520 2901 586 2987 ipse
608 2898 852 2980 Demosthenes.
873 2993 878 3002 ¹
896 2900 973 2982 Qui,
995 2923 1176 2990 quanquam

141 3050 227 3098 unus
243 3027 363 3092 eminet
378 3026 459 3109 inter
478 3045 588 3094 ornnes
612 3025 646 3089 in
670 3022 758 3088 omni
779 3043 895 3108 genere
916 3023 1051 3107 dicendi,
1068 3037 1176 3110 tamen

138 3165 206 3214 non
220 3167 346 3236 semper
369 3147 480 3232 implet
504 3167 593 3212 aures
618 3166 723 3210 meast
748 3145 791 3208 ita
813 3156 888 3210 sunt
907 3145 1006 3213 avidae
1028 3123 1059 3212 et
1081 3170 1175 3236 capa-
1290 3197 1294 3207 .

141 3290 206 3348 ces,
220 3279 254 3334 et
268 3289 392 3354 semper
406 3265 525 3352 aliquid
538 3265 730 3332 immensum
752 3265 975 3354 infinitumque
990 3268 1176 3337 desiderant.
1219 3275 1222 3282 '

183 3390 360 3472 Tenemus¹
374 3399 492 3469 annm,
510 3387 620 3468 Brute,
640 3409 734 3472 quem
759 3389 928 3474 quaerimus
939 3416 947 3461 ;
973 3365 1029 3456 sed
1049 3389 1175 3454 animo:

141 3535 219 3582 nam
234 3533 334 3580 mauu
348 3512 375 3578 si
389 3510 637 3598 prehendissent,
655 3533 694 3574 nc
710 3510 775 3596 ipse
790 3511 918 3597 quidem
936 3515 994 3576 sud
1009 3516 1097 3577 tautd
1108 3517 1176 3579 elo·

140 3635 274 3724 queutld
298 3634 377 3704 mihi
394 3599 609 3721 persuasisset,
628 3643 664 3698 ut
683 3655 716 3697 se
740 3633 939 3700 dimitterem.
983 3635 1047 3700 Sed
1061 3635 1174 3702 inven-

140 3771 193 3826 tus
208 3761 353 3848 profectb
376 3770 425 3826 est
447 3757 501 3824 ille
524 3760 688 3844 eloquens,
711 3777 806 3844 quern
827 3779 991 3844 nonquam
1010 3759 1087 3827 vidit
1102 3765 1173 3830 An.
1221 3751 1227 3760 '

132 3882 261 3952 tonius.
303 3881 385 3956 Quis
403 3892 451 3950 est
475 3880 572 3968 igitur
603 3879 658 3962 isul·
687 3879 885 3971 Complector
907 3884 1006 3968 brevi,
1025 3885 1175 3954 disseram
1241 3919 1262 3932 ··

641 4005 672 4068 G
