<?xml version="1.0" encoding="UTF-8"?>
<!DOCTYPE html PUBLIC "-//W3C//DTD XHTML 1.0 Transitional//EN"
    "http://www.w3.org/TR/xhtml1/DTD/xhtml1-transitional.dtd">
<html xmlns="http://www.w3.org/1999/xhtml" xml:lang="en" lang="en">
 <head>
  <title>
</title>
<meta http-equiv="Content-Type" content="text/html;charset=utf-8" />
  <meta name='ocr-system' content='tesseract 3.04.00' />
  <meta name='ocr-capabilities' content='ocr_page ocr_carea ocr_par ocr_line ocrx_word'/>
</head>
<body>
  <div class='ocr_page' id='page_1' title='image "./scriptoresroman01unkngoog_0026.png"; bbox 0 0 2804 4524; ppageno 0'>
   <div class='ocr_carea' id='block_1_1' title="bbox 492 291 1125 366">
    <p class='ocr_par' dir='ltr' id='par_1_1' title="bbox 492 291 1125 366">
     <span class='ocr_line' id='line_1_1' title="bbox 492 291 1125 366; baseline 0.013 -8"><span class='ocrx_word' id='word_1_1' title='bbox 492 291 735 364; x_wconf 82' lang='lat' dir='ltr'><strong>ClCERONE.</strong></span> <span class='ocrx_word' id='word_1_2' title='bbox 1090 308 1125 366; x_wconf 82' lang='lat' dir='ltr'><strong>ta</strong></span> 
     </span>
    </p>
   </div>
   <div class='ocr_carea' id='block_1_2' title="bbox 99 463 1185 1900">
    <p class='ocr_par' dir='ltr' id='par_1_2' title="bbox 99 463 1185 1900">
     <span class='ocr_line' id='line_1_2' title="bbox 141 463 1130 554; baseline -0.001 -13"><span class='ocrx_word' id='word_1_3' title='bbox 141 463 269 542; x_wconf 76' lang='lat' dir='ltr'><strong>Quibus</strong></span> <span class='ocrx_word' id='word_1_4' title='bbox 283 465 324 536; x_wconf 89' lang='lat' dir='ltr'><strong>de</strong></span> <span class='ocrx_word' id='word_1_5' title='bbox 338 465 453 549; x_wconf 84' lang='lat' dir='ltr'><strong>causis,</strong></span> <span class='ocrx_word' id='word_1_6' title='bbox 475 467 552 554; x_wconf 73' lang='lat' dir='ltr'><strong>quis‘</strong></span> <span class='ocrx_word' id='word_1_7' title='bbox 562 489 626 534; x_wconf 90' lang='lat' dir='ltr'><strong>nou</strong></span> <span class='ocrx_word' id='word_1_8' title='bbox 645 467 717 554; x_wconf 87' lang='lat' dir='ltr'><strong>jure</strong></span> <span class='ocrx_word' id='word_1_9' title='bbox 731 467 875 552; x_wconf 85' lang='lat' dir='ltr'><strong>miretur,</strong></span> <span class='ocrx_word' id='word_1_10' title='bbox 897 491 938 537; x_wconf 81' lang='lat' dir='ltr'><strong>cx</strong></span> <span class='ocrx_word' id='word_1_11' title='bbox 951 471 1040 540; x_wconf 88' lang='lat' dir='ltr'><strong>omui</strong></span> <span class='ocrx_word' id='word_1_12' title='bbox 1060 493 1130 540; x_wconf 79' lang='lat' dir='ltr'><strong>rne-</strong></span> 
     </span>
     <span class='ocr_line' id='line_1_3' title="bbox 100 591 1126 678; baseline 0.004 -18"><span class='ocrx_word' id='word_1_13' title='bbox 100 593 199 660; x_wconf 81' lang='lat' dir='ltr'><strong>moria</strong></span> <span class='ocrx_word' id='word_1_14' title='bbox 220 600 364 671; x_wconf 82' lang='lat' dir='ltr'><strong>aetutum,</strong></span> <span class='ocrx_word' id='word_1_15' title='bbox 386 601 578 678; x_wconf 85' lang='lat' dir='ltr'><strong>temporum,</strong></span> <span class='ocrx_word' id='word_1_16' title='bbox 600 591 777 674; x_wconf 82' lang='lat' dir='ltr'><strong>ciuitatum,</strong></span> <span class='ocrx_word' id='word_1_17' title='bbox 801 602 866 658; x_wconf 88' lang='lat' dir='ltr'><strong>tam</strong></span> <span class='ocrx_word' id='word_1_18' title='bbox 888 593 1040 678; x_wconf 83' lang='lat' dir='ltr'><strong>exiguum</strong></span> <span class='ocrx_word' id='word_1_19' title='bbox 1055 615 1126 664; x_wconf 86' lang='lat' dir='ltr'><strong>ora-</strong></span> 
     </span>
     <span class='ocr_line' id='line_1_4' title="bbox 99 711 1132 803; baseline 0.006 -25"><span class='ocrx_word' id='word_1_20' title='bbox 99 723 203 780; x_wconf 88' lang='lat' dir='ltr'><strong>torum</strong></span> <span class='ocrx_word' id='word_1_21' title='bbox 226 733 395 780; x_wconf 89' lang='lat' dir='ltr'><strong>numerum</strong></span> <span class='ocrx_word' id='word_1_22' title='bbox 418 711 577 779; x_wconf 80' lang='lat' dir='ltr'><strong>invenirit</strong></span> <span class='ocrx_word' id='word_1_23' title='bbox 610 712 672 778; x_wconf 84' lang='lat' dir='ltr'><strong>Sed</strong></span> <span class='ocrx_word' id='word_1_24' title='bbox 703 713 852 781; x_wconf 79' lang='lat' dir='ltr'><strong>nimirim</strong></span> <span class='ocrx_word' id='word_1_25' title='bbox 874 712 977 803; x_wconf 86' lang='lat' dir='ltr'><strong>majus</strong></span> <span class='ocrx_word' id='word_1_26' title='bbox 1000 725 1049 782; x_wconf 87' lang='lat' dir='ltr'><strong>est</strong></span> <span class='ocrx_word' id='word_1_27' title='bbox 1069 717 1132 784; x_wconf 90' lang='lat' dir='ltr'><strong>hoc</strong></span> 
     </span>
     <span class='ocr_line' id='line_1_5' title="bbox 100 835 1129 927; baseline 0 -23"><span class='ocrx_word' id='word_1_28' title='bbox 100 837 260 926; x_wconf 81' lang='lat' dir='ltr'><strong>quiddam,</strong></span> <span class='ocrx_word' id='word_1_29' title='bbox 284 837 381 924; x_wconf 79' lang='lat' dir='ltr'><strong>quim</strong></span> <span class='ocrx_word' id='word_1_30' title='bbox 407 835 553 904; x_wconf 88' lang='lat' dir='ltr'><strong>homines</strong></span> <span class='ocrx_word' id='word_1_31' title='bbox 578 837 761 926; x_wconf 72' lang='lat' dir='ltr'><strong>opinantur,</strong></span> <span class='ocrx_word' id='word_1_32' title='bbox 784 847 817 904; x_wconf 87' lang='lat' dir='ltr'><strong>et</strong></span> <span class='ocrx_word' id='word_1_33' title='bbox 838 838 983 922; x_wconf 88' lang='lat' dir='ltr'><strong>pluribus</strong></span> <span class='ocrx_word' id='word_1_34' title='bbox 998 840 1129 927; x_wconf 66' lang='lat' dir='ltr'><strong>cunni·</strong></span> 
     </span>
     <span class='ocr_line' id='line_1_6' title="bbox 99 955 1131 1042; baseline 0.006 -22"><span class='ocrx_word' id='word_1_35' title='bbox 99 957 159 1024; x_wconf 87' lang='lat' dir='ltr'><strong>bus</strong></span> <span class='ocrx_word' id='word_1_36' title='bbox 180 955 358 1042; x_wconf 86' lang='lat' dir='ltr'><strong>studiisque</strong></span> <span class='ocrx_word' id='word_1_37' title='bbox 380 957 563 1022; x_wconf 86' lang='lat' dir='ltr'><strong>collectum.</strong></span> <span class='ocrx_word' id='word_1_38' title='bbox 618 957 700 1034; x_wconf 85' lang='lat' dir='ltr'><strong>Quis</strong></span> <span class='ocrx_word' id='word_1_39' title='bbox 723 959 808 1026; x_wconf 87' lang='lat' dir='ltr'><strong>euim</strong></span> <span class='ocrx_word' id='word_1_40' title='bbox 831 959 916 1026; x_wconf 87' lang='lat' dir='ltr'><strong>aliud</strong></span> <span class='ocrx_word' id='word_1_41' title='bbox 936 957 970 1025; x_wconf 92' lang='lat' dir='ltr'><strong>in</strong></span> <span class='ocrx_word' id='word_1_42' title='bbox 994 959 1131 1027; x_wconf 78' lang='lat' dir='ltr'><strong>maximia</strong></span> 
     </span>
     <span class='ocr_line' id='line_1_7' title="bbox 100 1078 1128 1170; baseline 0.007 -28"><span class='ocrx_word' id='word_1_43' title='bbox 100 1079 291 1158; x_wconf 80' lang='lat' dir='ltr'><strong>discentium</strong></span> <span class='ocrx_word' id='word_1_44' title='bbox 305 1078 522 1162; x_wconf 87' lang='lat' dir='ltr'><strong>multitudine,</strong></span> <span class='ocrx_word' id='word_1_45' title='bbox 543 1085 670 1148; x_wconf 80' lang='lat' dir='ltr'><strong>summt</strong></span> <span class='ocrx_word' id='word_1_46' title='bbox 684 1081 908 1166; x_wconf 80' lang='lat' dir='ltr'><strong>magistrorum</strong></span> <span class='ocrx_word' id='word_1_47' title='bbox 924 1081 1029 1170; x_wconf 82' lang='lat' dir='ltr'><strong>eopia,</strong></span> <span class='ocrx_word' id='word_1_48' title='bbox 1042 1103 1128 1170; x_wconf 82' lang='lat' dir='ltr'><strong>prae-</strong></span> 
     </span>
     <span class='ocr_line' id='line_1_8' title="bbox 100 1196 1130 1286; baseline 0.005 -23"><span class='ocrx_word' id='word_1_49' title='bbox 100 1198 301 1269; x_wconf 66' lang='lat' dir='ltr'><strong>stultissimis</strong></span> <span class='ocrx_word' id='word_1_50' title='bbox 314 1196 481 1270; x_wconf 84' lang='lat' dir='ltr'><strong>hominum</strong></span> <span class='ocrx_word' id='word_1_51' title='bbox 495 1197 643 1286; x_wconf 76' lang='lat' dir='ltr'><strong>ingeniis,</strong></span> <span class='ocrx_word' id='word_1_52' title='bbox 653 1199 778 1268; x_wconf 78' lang='lat' dir='ltr'><strong>infinita</strong></span> <span class='ocrx_word' id='word_1_53' title='bbox 790 1221 954 1268; x_wconf 86' lang='lat' dir='ltr'><strong>causarum</strong></span> <span class='ocrx_word' id='word_1_54' title='bbox 969 1200 1130 1282; x_wconf 77' lang='lat' dir='ltr'><strong>uarietate,</strong></span> 
     </span>
     <span class='ocr_line' id='line_1_9' title="bbox 102 1320 1130 1412; baseline 0.004 -26"><span class='ocrx_word' id='word_1_55' title='bbox 102 1320 304 1408; x_wconf 71' lang='lat' dir='ltr'><strong>amplissimis</strong></span> <span class='ocrx_word' id='word_1_56' title='bbox 317 1321 509 1410; x_wconf 76' lang='lat' dir='ltr'><strong>eloquentiae</strong></span> <span class='ocrx_word' id='word_1_57' title='bbox 523 1321 692 1408; x_wconf 87' lang='lat' dir='ltr'><strong>propositis</strong></span> <span class='ocrx_word' id='word_1_58' title='bbox 708 1322 858 1410; x_wconf 84' lang='lat' dir='ltr'><strong>praemiis,</strong></span> <span class='ocrx_word' id='word_1_59' title='bbox 870 1344 938 1390; x_wconf 88' lang='lat' dir='ltr'><strong>esse</strong></span> <span class='ocrx_word' id='word_1_60' title='bbox 950 1346 1054 1394; x_wconf 82' lang='lat' dir='ltr'><strong>causae</strong></span> <span class='ocrx_word' id='word_1_61' title='bbox 1066 1347 1130 1412; x_wconf 89' lang='lat' dir='ltr'><strong>pn-</strong></span> 
     </span>
     <span class='ocr_line' id='line_1_10' title="bbox 102 1443 1131 1530; baseline -0.001 -17"><span class='ocrx_word' id='word_1_62' title='bbox 102 1454 159 1530; x_wconf 82' lang='lat' dir='ltr'><strong>tet,</strong></span> <span class='ocrx_word' id='word_1_63' title='bbox 173 1445 236 1516; x_wconf 86' lang='lat' dir='ltr'><strong>nisi</strong></span> <span class='ocrx_word' id='word_1_64' title='bbox 253 1443 298 1511; x_wconf 84' lang='lat' dir='ltr'><strong>rei</strong></span> <span class='ocrx_word' id='word_1_65' title='bbox 313 1446 472 1530; x_wconf 88' lang='lat' dir='ltr'><strong>quandam</strong></span> <span class='ocrx_word' id='word_1_66' title='bbox 486 1444 704 1512; x_wconf 82' lang='lat' dir='ltr'><strong>incredibilem</strong></span> <span class='ocrx_word' id='word_1_67' title='bbox 725 1445 979 1530; x_wconf 82' lang='lat' dir='ltr'><strong>magnitudinem</strong></span> <span class='ocrx_word' id='word_1_68' title='bbox 994 1469 1031 1514; x_wconf 87' lang='lat' dir='ltr'><strong>ac</strong></span> <span class='ocrx_word' id='word_1_69' title='bbox 1046 1447 1131 1514; x_wconf 85' lang='lat' dir='ltr'><strong>diffi-</strong></span> 
     </span>
     <span class='ocr_line' id='line_1_11' title="bbox 102 1566 1132 1660; baseline 0.004 -27"><span class='ocrx_word' id='word_1_70' title='bbox 102 1570 276 1639; x_wconf 77' lang='lat' dir='ltr'><strong>cultatem?</strong></span> <span class='ocrx_word' id='word_1_71' title='bbox 307 1567 368 1636; x_wconf 73' lang='lat' dir='ltr'><strong>uss</strong></span> <span class='ocrx_word' id='word_1_72' title='bbox 389 1567 474 1635; x_wconf 89' lang='lat' dir='ltr'><strong>enim</strong></span> <span class='ocrx_word' id='word_1_73' title='bbox 495 1576 528 1634; x_wconf 86' lang='lat' dir='ltr'><strong>et</strong></span> <span class='ocrx_word' id='word_1_74' title='bbox 554 1566 688 1634; x_wconf 86' lang='lat' dir='ltr'><strong>scientia</strong></span> <span class='ocrx_word' id='word_1_75' title='bbox 711 1567 1007 1660; x_wconf 86' lang='lat' dir='ltr'><strong>comprehendenda</strong></span> <span class='ocrx_word' id='word_1_76' title='bbox 1027 1591 1132 1638; x_wconf 88' lang='lat' dir='ltr'><strong>rerum</strong></span> 
     </span>
     <span class='ocr_line' id='line_1_12' title="bbox 100 1667 1185 1786; baseline -0.006 -23"><span class='ocrx_word' id='word_1_77' title='bbox 100 1691 318 1786; x_wconf 81' lang='lat' dir='ltr'><strong>plurimarum,</strong></span> <span class='ocrx_word' id='word_1_78' title='bbox 334 1691 402 1759; x_wconf 88' lang='lat' dir='ltr'><strong>sine</strong></span> <span class='ocrx_word' id='word_1_79' title='bbox 414 1695 478 1778; x_wconf 78' lang='lat' dir='ltr'><strong>qut</strong></span> <span class='ocrx_word' id='word_1_80' title='bbox 489 1691 655 1758; x_wconf 83' lang='lat' dir='ltr'><strong>verborum</strong></span> <span class='ocrx_word' id='word_1_81' title='bbox 668 1689 850 1756; x_wconf 85' lang='lat' dir='ltr'><strong>volubilitas</strong></span> <span class='ocrx_word' id='word_1_82' title='bbox 862 1690 965 1758; x_wconf 87' lang='lat' dir='ltr'><strong>inanis</strong></span> <span class='ocrx_word' id='word_1_83' title='bbox 978 1701 1073 1778; x_wconf 87' lang='lat' dir='ltr'><strong>atque</strong></span> <span class='ocrx_word' id='word_1_84' title='bbox 1086 1692 1131 1756; x_wconf 88' lang='lat' dir='ltr'><strong>ir·</strong></span> <span class='ocrx_word' id='word_1_85' title='bbox 1181 1667 1185 1676; x_wconf 41' lang='lat'>¹</span> 
     </span>
     <span class='ocr_line' id='line_1_13' title="bbox 102 1811 1131 1900; baseline 0.004 -24"><span class='ocrx_word' id='word_1_86' title='bbox 102 1812 234 1890; x_wconf 79' lang='lat' dir='ltr'><strong>ridenda</strong></span> <span class='ocrx_word' id='word_1_87' title='bbox 244 1821 314 1894; x_wconf 81' lang='lat' dir='ltr'><strong>est3</strong></span> <span class='ocrx_word' id='word_1_88' title='bbox 330 1823 362 1878; x_wconf 88' lang='lat' dir='ltr'><strong>et</strong></span> <span class='ocrx_word' id='word_1_89' title='bbox 374 1813 443 1900; x_wconf 87' lang='lat' dir='ltr'><strong>ipsa</strong></span> <span class='ocrx_word' id='word_1_90' title='bbox 454 1811 555 1880; x_wconf 88' lang='lat' dir='ltr'><strong>oratio</strong></span> <span class='ocrx_word' id='word_1_91' title='bbox 567 1812 794 1886; x_wconf 83' lang='lat' dir='ltr'><strong>conformanda</strong></span> <span class='ocrx_word' id='word_1_92' title='bbox 807 1835 871 1880; x_wconf 90' lang='lat' dir='ltr'><strong>nou</strong></span> <span class='ocrx_word' id='word_1_93' title='bbox 883 1815 985 1882; x_wconf 86' lang='lat' dir='ltr'><strong>solinu</strong></span> <span class='ocrx_word' id='word_1_94' title='bbox 999 1813 1131 1880; x_wconf 85' lang='lat' dir='ltr'><strong>electio·</strong></span> 
     </span>
    </p>
   </div>
   <div class='ocr_carea' id='block_1_3' title="bbox 100 1935 1206 2272">
    <p class='ocr_par' dir='ltr' id='par_1_3' title="bbox 100 1935 1206 2272">
     <span class='ocr_line' id='line_1_14' title="bbox 101 1935 1206 2022; baseline -0.003 -20"><span class='ocrx_word' id='word_1_95' title='bbox 101 1957 151 2020; x_wconf 75' lang='lat' dir='ltr'><strong>ne,</strong></span> <span class='ocrx_word' id='word_1_96' title='bbox 160 1937 217 2007; x_wconf 87' lang='lat' dir='ltr'><strong>sed</strong></span> <span class='ocrx_word' id='word_1_97' title='bbox 229 1936 327 2008; x_wconf 86' lang='lat' dir='ltr'><strong>etiam</strong></span> <span class='ocrx_word' id='word_1_98' title='bbox 336 1935 573 2005; x_wconf 84' lang='lat' dir='ltr'><strong>constructione</strong></span> <span class='ocrx_word' id='word_1_99' title='bbox 583 1938 748 2008; x_wconf 79' lang='lat' dir='ltr'><strong>verborum</strong></span> <span class='ocrx_word' id='word_1_100' title='bbox 763 1962 772 2001; x_wconf 76' lang='grc' dir='ltr'><strong>ε</strong></span> <span class='ocrx_word' id='word_1_101' title='bbox 788 1947 820 2002; x_wconf 91' lang='lat' dir='ltr'><strong>et</strong></span> <span class='ocrx_word' id='word_1_102' title='bbox 829 1957 939 2022; x_wconf 84' lang='lat' dir='ltr'><strong>omnes</strong></span> <span class='ocrx_word' id='word_1_103' title='bbox 952 1937 1132 2012; x_wconf 82' lang='lat' dir='ltr'><strong>animorum</strong></span> <span class='ocrx_word' id='word_1_104' title='bbox 1202 1981 1206 1999; x_wconf 52' lang='lat' dir='ltr'><strong>l</strong></span> 
     </span>
     <span class='ocr_line' id='line_1_15' title="bbox 100 2055 1131 2146; baseline 0 -22"><span class='ocrx_word' id='word_1_105' title='bbox 100 2066 222 2140; x_wconf 84' lang='lat' dir='ltr'><strong>motus,</strong></span> <span class='ocrx_word' id='word_1_106' title='bbox 235 2077 315 2146; x_wconf 92' lang='lat' dir='ltr'><strong>quos</strong></span> <span class='ocrx_word' id='word_1_107' title='bbox 328 2055 494 2131; x_wconf 76' lang='lat' dir='ltr'><strong>hominum</strong></span> <span class='ocrx_word' id='word_1_108' title='bbox 508 2055 617 2142; x_wconf 75' lang='lat' dir='ltr'><strong>generi</strong></span> <span class='ocrx_word' id='word_1_109' title='bbox 630 2075 735 2124; x_wconf 83' lang='lat' dir='ltr'><strong>rorum</strong></span> <span class='ocrx_word' id='word_1_110' title='bbox 748 2067 861 2124; x_wconf 86' lang='lat' dir='ltr'><strong>natura</strong></span> <span class='ocrx_word' id='word_1_111' title='bbox 872 2056 1131 2142; x_wconf 82' lang='lat' dir='ltr'><strong>tribuit,&#39;peniti1s</strong></span> 
     </span>
     <span class='ocr_line' id='line_1_16' title="bbox 100 2179 1133 2272; baseline 0.001 -28"><span class='ocrx_word' id='word_1_112' title='bbox 100 2179 324 2265; x_wconf 80' lang='lat' dir='ltr'><strong>pernoscendi,</strong></span> <span class='ocrx_word' id='word_1_113' title='bbox 349 2179 433 2266; x_wconf 75' lang='lat' dir='ltr'><strong>quod</strong></span> <span class='ocrx_word' id='word_1_114' title='bbox 455 2179 558 2242; x_wconf 88' lang='lat' dir='ltr'><strong>omnis</strong></span> <span class='ocrx_word' id='word_1_115' title='bbox 580 2179 628 2244; x_wconf 86' lang='lat' dir='ltr'><strong>vis</strong></span> <span class='ocrx_word' id='word_1_116' title='bbox 645 2180 789 2266; x_wconf 87' lang='lat' dir='ltr'><strong>ratioque</strong></span> <span class='ocrx_word' id='word_1_117' title='bbox 803 2179 941 2260; x_wconf 82' lang='lat' dir='ltr'><strong>dicendi,</strong></span> <span class='ocrx_word' id='word_1_118' title='bbox 963 2180 997 2244; x_wconf 91' lang='lat' dir='ltr'><strong>in</strong></span> <span class='ocrx_word' id='word_1_119' title='bbox 1011 2203 1133 2272; x_wconf 70' lang='lat' dir='ltr'><strong>eorum,</strong></span> 
     </span>
    </p>
   </div>
   <div class='ocr_carea' id='block_1_4' title="bbox 102 2299 1189 4120">
    <p class='ocr_par' dir='ltr' id='par_1_4' title="bbox 102 2299 1189 4120">
     <span class='ocr_line' id='line_1_17' title="bbox 102 2299 1133 2388; baseline -0.001 -22"><span class='ocrx_word' id='word_1_120' title='bbox 102 2302 156 2388; x_wconf 79' lang='lat' dir='ltr'><strong>qui</strong></span> <span class='ocrx_word' id='word_1_121' title='bbox 170 2299 317 2383; x_wconf 88' lang='lat' dir='ltr'><strong>audiunt,</strong></span> <span class='ocrx_word' id='word_1_122' title='bbox 332 2299 507 2382; x_wconf 88' lang='lat' dir='ltr'><strong>mentibus,</strong></span> <span class='ocrx_word' id='word_1_123' title='bbox 521 2309 577 2366; x_wconf 89' lang='lat' dir='ltr'><strong>aut</strong></span> <span class='ocrx_word' id='word_1_124' title='bbox 590 2300 746 2382; x_wconf 88' lang='lat' dir='ltr'><strong>sedandis,</strong></span> <span class='ocrx_word' id='word_1_125' title='bbox 767 2311 824 2366; x_wconf 84' lang='lat' dir='ltr'><strong>aut</strong></span> <span class='ocrx_word' id='word_1_126' title='bbox 839 2299 1012 2366; x_wconf 82' lang='lat' dir='ltr'><strong>excitandis</strong></span> <span class='ocrx_word' id='word_1_127' title='bbox 1027 2301 1133 2388; x_wconf 85' lang='lat' dir='ltr'><strong>expri-</strong></span> 
     </span>
     <span class='ocr_line' id='line_1_18' title="bbox 102 2422 1189 2510; baseline -0.012 -20"><span class='ocrx_word' id='word_1_128' title='bbox 102 2423 292 2490; x_wconf 82' lang='lat' dir='ltr'><strong>mendaest.</strong></span> <span class='ocrx_word' id='word_1_129' title='bbox 325 2423 465 2490; x_wconf 85' lang='lat' dir='ltr'><strong>Accedat</strong></span> <span class='ocrx_word' id='word_1_130' title='bbox 476 2423 588 2493; x_wconf 84' lang='lat' dir='ltr'><strong>eddam</strong></span> <span class='ocrx_word' id='word_1_131' title='bbox 600 2431 725 2510; x_wconf 87' lang='lat' dir='ltr'><strong>oportet</strong></span> <span class='ocrx_word' id='word_1_132' title='bbox 738 2423 827 2510; x_wconf 85' lang='lat' dir='ltr'><strong>lepos</strong></span> <span class='ocrx_word' id='word_1_133' title='bbox 839 2422 979 2510; x_wconf 84' lang='lat' dir='ltr'><strong>quidam,</strong></span> <span class='ocrx_word' id='word_1_134' title='bbox 991 2423 1133 2492; x_wconf 73' lang='lat' dir='ltr'><strong>facetias.</strong></span> <span class='ocrx_word' id='word_1_135' title='bbox 1184 2439 1189 2448; x_wconf 96' lang='lat'><em>·</em></span> 
     </span>
     <span class='ocr_line' id='line_1_19' title="bbox 103 2545 1135 2636; baseline 0 -24"><span class='ocrx_word' id='word_1_136' title='bbox 103 2567 178 2635; x_wconf 87' lang='lat' dir='ltr'><strong>que,</strong></span> <span class='ocrx_word' id='word_1_137' title='bbox 189 2557 222 2614; x_wconf 84' lang='lat' dir='ltr'><strong>et</strong></span> <span class='ocrx_word' id='word_1_138' title='bbox 234 2545 372 2624; x_wconf 80' lang='lat' dir='ltr'><strong>eruditio</strong></span> <span class='ocrx_word' id='word_1_139' title='bbox 385 2547 485 2614; x_wconf 90' lang='lat' dir='ltr'><strong>libero</strong></span> <span class='ocrx_word' id='word_1_140' title='bbox 499 2546 606 2636; x_wconf 77' lang='lat' dir='ltr'><strong>digna,</strong></span> <span class='ocrx_word' id='word_1_141' title='bbox 621 2546 826 2636; x_wconf 72' lang='lat' dir='ltr'><strong>celeritasque</strong></span> <span class='ocrx_word' id='word_1_142' title='bbox 841 2559 874 2614; x_wconf 88' lang='lat' dir='ltr'><strong>et</strong></span> <span class='ocrx_word' id='word_1_143' title='bbox 889 2548 1023 2614; x_wconf 84' lang='lat' dir='ltr'><strong>brevitas</strong></span> <span class='ocrx_word' id='word_1_144' title='bbox 1038 2557 1070 2614; x_wconf 88' lang='lat' dir='ltr'><strong>et</strong></span> <span class='ocrx_word' id='word_1_145' title='bbox 1082 2569 1135 2612; x_wconf 88' lang='lat' dir='ltr'><strong>rc·</strong></span> 
     </span>
     <span class='ocr_line' id='line_1_20' title="bbox 104 2670 1135 2760; baseline -0.002 -24"><span class='ocrx_word' id='word_1_146' title='bbox 104 2671 281 2760; x_wconf 86' lang='lat' dir='ltr'><strong>spondeudi</strong></span> <span class='ocrx_word' id='word_1_147' title='bbox 295 2679 329 2736; x_wconf 89' lang='lat' dir='ltr'><strong>et</strong></span> <span class='ocrx_word' id='word_1_148' title='bbox 342 2670 528 2752; x_wconf 84' lang='lat' dir='ltr'><strong>lacessendi,</strong></span> <span class='ocrx_word' id='word_1_149' title='bbox 542 2671 652 2741; x_wconf 88' lang='lat' dir='ltr'><strong>subtili</strong></span> <span class='ocrx_word' id='word_1_150' title='bbox 668 2681 832 2738; x_wconf 85' lang='lat' dir='ltr'><strong>venustate</strong></span> <span class='ocrx_word' id='word_1_151' title='bbox 846 2681 941 2757; x_wconf 86' lang='lat' dir='ltr'><strong>utque</strong></span> <span class='ocrx_word' id='word_1_152' title='bbox 956 2670 1135 2736; x_wconf 78' lang='lat' dir='ltr'><strong>urbanitate</strong></span> 
     </span>
     <span class='ocr_line' id='line_1_21' title="bbox 105 2791 1134 2882; baseline -0.004 -22"><span class='ocrx_word' id='word_1_153' title='bbox 105 2791 289 2882; x_wconf 85' lang='lat' dir='ltr'><strong>conjuncta.</strong></span> <span class='ocrx_word' id='word_1_154' title='bbox 323 2791 1134 2878; x_wconf 78' lang='lat' dir='ltr'><strong>Tenendapraetereaestomnisantiquitas,esom-</strong></span> 
     </span>
     <span class='ocr_line' id='line_1_22' title="bbox 104 2893 1138 3014; baseline -0.002 -30"><span class='ocrx_word' id='word_1_155' title='bbox 104 2920 293 3014; x_wconf 82' lang='lat' dir='ltr'><strong>piorumque</strong></span> <span class='ocrx_word' id='word_1_156' title='bbox 319 2893 389 2986; x_wconf 77' lang='lat' dir='ltr'><strong>viss</strong></span> <span class='ocrx_word' id='word_1_157' title='bbox 418 2939 522 3004; x_wconf 84' lang='lat' dir='ltr'><strong>neque</strong></span> <span class='ocrx_word' id='word_1_158' title='bbox 547 2918 669 3004; x_wconf 83' lang='lat' dir='ltr'><strong>legum,</strong></span> <span class='ocrx_word' id='word_1_159' title='bbox 696 2925 750 2984; x_wconf 87' lang='lat' dir='ltr'><strong>aut</strong></span> <span class='ocrx_word' id='word_1_160' title='bbox 768 2913 850 3002; x_wconf 89' lang='lat' dir='ltr'><strong>juris</strong></span> <span class='ocrx_word' id='word_1_161' title='bbox 873 2913 974 2982; x_wconf 87' lang='lat' dir='ltr'><strong>civilis</strong></span> <span class='ocrx_word' id='word_1_162' title='bbox 1003 2913 1138 2982; x_wconf 86' lang='lat' dir='ltr'><strong>scientia</strong></span> 
     </span>
     <span class='ocr_line' id='line_1_23' title="bbox 104 3039 1136 3130; baseline 0 -26"><span class='ocrx_word' id='word_1_163' title='bbox 104 3042 296 3130; x_wconf 78' lang='lat' dir='ltr'><strong>negligenda</strong></span> <span class='ocrx_word' id='word_1_164' title='bbox 317 3051 377 3108; x_wconf 87' lang='lat' dir='ltr'><strong>est.</strong></span> <span class='ocrx_word' id='word_1_165' title='bbox 421 3041 506 3107; x_wconf 85' lang='lat' dir='ltr'><strong>Nam</strong></span> <span class='ocrx_word' id='word_1_166' title='bbox 529 3039 607 3128; x_wconf 87' lang='lat' dir='ltr'><strong>quid</strong></span> <span class='ocrx_word' id='word_1_167' title='bbox 622 3063 682 3126; x_wconf 84' lang='lat' dir='ltr'><strong>ego</strong></span> <span class='ocrx_word' id='word_1_168' title='bbox 702 3039 741 3108; x_wconf 87' lang='lat' dir='ltr'><strong>dc</strong></span> <span class='ocrx_word' id='word_1_169' title='bbox 756 3041 881 3107; x_wconf 85' lang='lat' dir='ltr'><strong>actione</strong></span> <span class='ocrx_word' id='word_1_170' title='bbox 894 3039 965 3128; x_wconf 77' lang='lat' dir='ltr'><strong>ipsis</strong></span> <span class='ocrx_word' id='word_1_171' title='bbox 980 3041 1071 3128; x_wconf 85' lang='lat' dir='ltr'><strong>plura</strong></span> <span class='ocrx_word' id='word_1_172' title='bbox 1085 3041 1136 3106; x_wconf 82' lang='lat' dir='ltr'><strong>di-</strong></span> 
     </span>
     <span class='ocr_line' id='line_1_24' title="bbox 104 3164 1137 3258; baseline 0 -26"><span class='ocrx_word' id='word_1_173' title='bbox 104 3168 197 3258; x_wconf 76' lang='lat' dir='ltr'><strong>cam?</strong></span> <span class='ocrx_word' id='word_1_174' title='bbox 227 3187 300 3252; x_wconf 83' lang='lat' dir='ltr'><strong>quae</strong></span> <span class='ocrx_word' id='word_1_175' title='bbox 318 3173 411 3241; x_wconf 85' lang='lat' dir='ltr'><strong>motu</strong></span> <span class='ocrx_word' id='word_1_176' title='bbox 437 3164 587 3254; x_wconf 88' lang='lat' dir='ltr'><strong>corporis,</strong></span> <span class='ocrx_word' id='word_1_177' title='bbox 615 3173 808 3251; x_wconf 70' lang='lat' dir='ltr'><strong>quaegesta,</strong></span> <span class='ocrx_word' id='word_1_178' title='bbox 834 3185 906 3255; x_wconf 80' lang='lat' dir='ltr'><strong>quse</strong></span> <span class='ocrx_word' id='word_1_179' title='bbox 932 3165 1036 3248; x_wconf 89' lang='lat' dir='ltr'><strong>vultu,</strong></span> <span class='ocrx_word' id='word_1_180' title='bbox 1063 3187 1137 3252; x_wconf 74' lang='lat' dir='ltr'><strong>qum</strong></span> 
     </span>
     <span class='ocr_line' id='line_1_25' title="bbox 102 3287 1137 3378; baseline 0.005 -25"><span class='ocrx_word' id='word_1_181' title='bbox 102 3290 190 3360; x_wconf 81' lang='lat' dir='ltr'><strong>vocis</strong></span> <span class='ocrx_word' id='word_1_182' title='bbox 205 3288 457 3364; x_wconf 81' lang='lat' dir='ltr'><strong>conformatione</strong></span> <span class='ocrx_word' id='word_1_183' title='bbox 473 3309 509 3353; x_wconf 86' lang='lat' dir='ltr'><strong>ac</strong></span> <span class='ocrx_word' id='word_1_184' title='bbox 524 3288 672 3357; x_wconf 85' lang='lat' dir='ltr'><strong>varietate</strong></span> <span class='ocrx_word' id='word_1_185' title='bbox 687 3287 878 3354; x_wconf 87' lang='lat' dir='ltr'><strong>moderanda</strong></span> <span class='ocrx_word' id='word_1_186' title='bbox 891 3299 958 3356; x_wconf 77' lang='lat' dir='ltr'><strong>ests</strong></span> <span class='ocrx_word' id='word_1_187' title='bbox 982 3311 1055 3378; x_wconf 77' lang='lat' dir='ltr'><strong>quta</strong></span> <span class='ocrx_word' id='word_1_188' title='bbox 1070 3291 1137 3358; x_wconf 82' lang='lat' dir='ltr'><strong>sola</strong></span> 
     </span>
     <span class='ocr_line' id='line_1_26' title="bbox 103 3389 1139 3503; baseline 0.002 -25"><span class='ocrx_word' id='word_1_189' title='bbox 103 3433 162 3500; x_wconf 77' lang='lat' dir='ltr'><strong>per</strong></span> <span class='ocrx_word' id='word_1_190' title='bbox 174 3389 211 3478; x_wconf 84' lang='lat' dir='ltr'><strong>se</strong></span> <span class='ocrx_word' id='word_1_191' title='bbox 225 3412 296 3503; x_wconf 80' lang='lat' dir='ltr'><strong>ipsa</strong></span> <span class='ocrx_word' id='word_1_192' title='bbox 308 3423 428 3500; x_wconf 84' lang='lat' dir='ltr'><strong>quanta</strong></span> <span class='ocrx_word' id='word_1_193' title='bbox 440 3411 492 3495; x_wconf 84' lang='lat' dir='ltr'><strong>sit,</strong></span> <span class='ocrx_word' id='word_1_194' title='bbox 508 3411 698 3486; x_wconf 86' lang='lat' dir='ltr'><strong>histrionum</strong></span> <span class='ocrx_word' id='word_1_195' title='bbox 713 3412 789 3483; x_wconf 86' lang='lat' dir='ltr'><strong>levis</strong></span> <span class='ocrx_word' id='word_1_196' title='bbox 806 3434 865 3496; x_wconf 82' lang='lat' dir='ltr'><strong>ars,</strong></span> <span class='ocrx_word' id='word_1_197' title='bbox 877 3421 910 3480; x_wconf 80' lang='lat' dir='ltr'><strong>et</strong></span> <span class='ocrx_word' id='word_1_198' title='bbox 922 3433 1017 3478; x_wconf 84' lang='lat' dir='ltr'><strong>scena</strong></span> <span class='ocrx_word' id='word_1_199' title='bbox 1030 3411 1139 3500; x_wconf 48' lang='lat' dir='ltr'><strong>declar</strong></span> 
     </span>
     <span class='ocr_line' id='line_1_27' title="bbox 102 3533 1137 3624; baseline -0.002 -22"><span class='ocrx_word' id='word_1_200' title='bbox 102 3546 175 3618; x_wconf 80' lang='lat' dir='ltr'><strong>rat3</strong></span> <span class='ocrx_word' id='word_1_201' title='bbox 199 3537 233 3605; x_wconf 89' lang='lat' dir='ltr'><strong>in</strong></span> <span class='ocrx_word' id='word_1_202' title='bbox 247 3539 311 3624; x_wconf 79' lang='lat' dir='ltr'><strong>qut</strong></span> <span class='ocrx_word' id='word_1_203' title='bbox 326 3537 399 3608; x_wconf 78' lang='lat' dir='ltr'><strong>edm</strong></span> <span class='ocrx_word' id='word_1_204' title='bbox 415 3557 527 3608; x_wconf 88' lang='lat' dir='ltr'><strong>omnes</strong></span> <span class='ocrx_word' id='word_1_205' title='bbox 545 3535 580 3602; x_wconf 90' lang='lat' dir='ltr'><strong>in</strong></span> <span class='ocrx_word' id='word_1_206' title='bbox 595 3533 670 3616; x_wconf 87' lang='lat' dir='ltr'><strong>oris,</strong></span> <span class='ocrx_word' id='word_1_207' title='bbox 692 3545 725 3610; x_wconf 87' lang='lat' dir='ltr'><strong>et</strong></span> <span class='ocrx_word' id='word_1_208' title='bbox 739 3535 839 3618; x_wconf 84' lang='lat' dir='ltr'><strong>vocis,</strong></span> <span class='ocrx_word' id='word_1_209' title='bbox 854 3545 887 3600; x_wconf 88' lang='lat' dir='ltr'><strong>et</strong></span> <span class='ocrx_word' id='word_1_210' title='bbox 901 3539 1008 3605; x_wconf 71' lang='lat' dir='ltr'><strong>motta</strong></span> <span class='ocrx_word' id='word_1_211' title='bbox 1025 3536 1137 3612; x_wconf 77' lang='lat' dir='ltr'><strong>mode·</strong></span> 
     </span>
     <span class='ocr_line' id='line_1_28' title="bbox 102 3659 1140 3748; baseline 0.003 -25"><span class='ocrx_word' id='word_1_212' title='bbox 102 3659 227 3732; x_wconf 82' lang='lat' dir='ltr'><strong>ratione</strong></span> <span class='ocrx_word' id='word_1_213' title='bbox 242 3660 419 3741; x_wconf 85' lang='lat' dir='ltr'><strong>elaborent,</strong></span> <span class='ocrx_word' id='word_1_214' title='bbox 425 3659 495 3746; x_wconf 85' lang='lat' dir='ltr'><strong>quis</strong></span> <span class='ocrx_word' id='word_1_215' title='bbox 507 3659 745 3745; x_wconf 64' lang='lat' dir='ltr'><strong>ignoratqnism</strong></span> <span class='ocrx_word' id='word_1_216' title='bbox 757 3659 851 3748; x_wconf 82' lang='lat' dir='ltr'><strong>pauci</strong></span> <span class='ocrx_word' id='word_1_217' title='bbox 862 3659 939 3740; x_wconf 89' lang='lat' dir='ltr'><strong>siut,</strong></span> <span class='ocrx_word' id='word_1_218' title='bbox 946 3660 1140 3748; x_wconf 80' lang='lat' dir='ltr'><strong>fuerintque,</strong></span> 
     </span>
     <span class='ocr_line' id='line_1_29' title="bbox 102 3781 1138 3874; baseline 0.002 -26"><span class='ocrx_word' id='word_1_219' title='bbox 102 3805 187 3874; x_wconf 87' lang='lat' dir='ltr'><strong>quos</strong></span> <span class='ocrx_word' id='word_1_220' title='bbox 202 3783 310 3851; x_wconf 88' lang='lat' dir='ltr'><strong>animo</strong></span> <span class='ocrx_word' id='word_1_221' title='bbox 322 3805 415 3871; x_wconf 81' lang='lat' dir='ltr'><strong>aequo</strong></span> <span class='ocrx_word' id='word_1_222' title='bbox 427 3792 568 3872; x_wconf 84' lang='lat' dir='ltr'><strong>spectare</strong></span> <span class='ocrx_word' id='word_1_223' title='bbox 580 3782 762 3868; x_wconf 78' lang='lat' dir='ltr'><strong>possimus?</strong></span> <span class='ocrx_word' id='word_1_224' title='bbox 787 3781 874 3856; x_wconf 85' lang='lat' dir='ltr'><strong>Quid</strong></span> <span class='ocrx_word' id='word_1_225' title='bbox 893 3781 997 3866; x_wconf 77' lang='lat' dir='ltr'><strong>dicam</strong></span> <span class='ocrx_word' id='word_1_226' title='bbox 1012 3782 1052 3850; x_wconf 89' lang='lat' dir='ltr'><strong>de</strong></span> <span class='ocrx_word' id='word_1_227' title='bbox 1065 3783 1138 3850; x_wconf 86' lang='lat' dir='ltr'><strong>the-</strong></span> 
     </span>
     <span class='ocr_line' id='line_1_30' title="bbox 106 3907 1140 4006; baseline -0.005 -31"><span class='ocrx_word' id='word_1_228' title='bbox 106 3929 203 3977; x_wconf 86' lang='lat' dir='ltr'><strong>sauro</strong></span> <span class='ocrx_word' id='word_1_229' title='bbox 217 3929 323 3982; x_wconf 83' lang='lat' dir='ltr'><strong>rerum</strong></span> <span class='ocrx_word' id='word_1_230' title='bbox 338 3908 483 4006; x_wconf 87' lang='lat' dir='ltr'><strong>omniurn</strong></span> <span class='ocrx_word' id='word_1_231' title='bbox 499 3907 668 3989; x_wconf 65' lang='lat' dir='ltr'><strong>Memoria,</strong></span> <span class='ocrx_word' id='word_1_232' title='bbox 683 3929 757 3996; x_wconf 85' lang='lat' dir='ltr'><strong>quae</strong></span> <span class='ocrx_word' id='word_1_233' title='bbox 778 3907 840 3974; x_wconf 87' lang='lat' dir='ltr'><strong>nisi</strong></span> <span class='ocrx_word' id='word_1_234' title='bbox 856 3917 964 3980; x_wconf 79' lang='lat' dir='ltr'><strong>cautos</strong></span> <span class='ocrx_word' id='word_1_235' title='bbox 988 3907 1140 3999; x_wconf 78' lang='lat' dir='ltr'><strong>inventis,</strong></span> 
     </span>
     <span class='ocr_line' id='line_1_31' title="bbox 104 4025 1141 4120; baseline -0.006 -20"><span class='ocrx_word' id='word_1_236' title='bbox 104 4031 319 4120; x_wconf 74' lang='lat' dir='ltr'><strong>cogitatisque</strong></span> <span class='ocrx_word' id='word_1_237' title='bbox 331 4033 424 4098; x_wconf 85' lang='lat' dir='ltr'><strong>rebus</strong></span> <span class='ocrx_word' id='word_1_238' title='bbox 436 4043 469 4098; x_wconf 85' lang='lat' dir='ltr'><strong>et</strong></span> <span class='ocrx_word' id='word_1_239' title='bbox 481 4031 583 4098; x_wconf 86' lang='lat' dir='ltr'><strong>verbis</strong></span> <span class='ocrx_word' id='word_1_240' title='bbox 595 4025 791 4114; x_wconf 83' lang='lat' dir='ltr'><strong>adhibeatur,</strong></span> <span class='ocrx_word' id='word_1_241' title='bbox 805 4030 1013 4118; x_wconf 81' lang='lat' dir='ltr'><strong>intelligimus</strong></span> <span class='ocrx_word' id='word_1_242' title='bbox 1022 4030 1141 4111; x_wconf 89' lang='lat' dir='ltr'><strong>omniu,</strong></span> 
     </span>
    </p>
   </div>
   <div class='ocr_carea' id='block_1_5' title="bbox 0 0 1411 4524">
    <p class='ocr_par' dir='ltr' id='par_1_5' title="bbox 0 0 1411 4524">
     <span class='ocr_line' id='line_1_32' title="bbox 0 0 1411 4524; baseline 0 0"><span class='ocrx_word' id='word_1_243' title='bbox 0 0 1411 4524; x_wconf 95' lang='lat' dir='ltr'><strong> </strong></span> 
     </span>
    </p>
   </div>
  </div>
 </body>
</html>
