2804 4524
2 287 6 359 ἰ

247 285 290 346 ee
612 259 737 344 nent.
758 275 928 348 TULtlo

242 451 380 548 premiis
402 459 541 518 venerut.
582 451 695 540 lisque
715 452 818 540 prime
842 472 936 522 nsuss
954 455 1094 542 puhlioe,
1116 477 1176 545 pro
1198 459 1275 532 Sex.

245 579 365 646 Roscio
378 575 473 660 diets,
487 587 612 644 tuntum
626 576 911 644 commendationis
927 579 1051 664 hebuit,
1076 591 1114 648 ut
1129 605 1195 652 non
1213 587 1281 654 uile

246 711 341 784 esset,
362 723 435 788 qum
449 721 516 802 non
530 707 640 766 nostro
654 699 750 785 digne
761 699 937 786 patrocinio
962 701 1132 772 videretur.
1175 704 1280 774 Dein.

245 847 319 914 ceps
335 823 408 892 inde
424 823 545 904 multe,
560 843 638 909 ques
652 843 719 888 non
733 821 841 890 minhs
854 822 1025 910 diligenter
1037 827 1225 912 elshorstss,
1244 841 1280 898 et

244 961 394 1035 mnqusm
409 945 607 1010 elucubrans
619 943 838 1012 sffershemus.

287 1069 398 1150 Nune,
422 1065 571 1156 quonism
597 1077 702 1134 totum
726 1087 861 1134 menon
882 1085 975 1134 nevo
989 1069 1106 1156 utiquo,
1131 1083 1187 1140 eut
1205 1095 1278 1140 ere-

244 1187 383 1278 pundiis,
398 1187 454 1254 sed
468 1207 599 1274 corpore
619 1185 709 1252 omni
722 1183 836 1252 videris
856 1189 937 1254 velie
952 1209 1157 1274 cognoscere,
1184 1215 1275 1260 conr·

242 1316 362 1402 plectet
375 1313 531 1380 nonnulle
543 1291 652 1392 etiem,
674 1331 748 1398 que
761 1307 893 1378 fortusse
907 1311 1073 1386 videsntrn
1089 1314 1195 1382 minhs
1216 1339 1276 1384 ne..

242 1435 387 1504 meusne.
431 1433 508 1502 unt
525 1455 565 1502 eo
579 1443 721 1524 tempore
744 1431 886 1502 innubis
904 1455 1031 1504 summe
1050 1437 1220 1524 gracilitas,
1242 1451 1278 1508 et

243 1555 408 1634 infirmiter
422 1553 583 1644 eorporisr
605 1573 772 1644 procerum
788 1567 821 1622 et
835 1567 933 1624 tenue
948 1557 1088 1626 nollunt:
1112 1559 1167 1648 qui
1181 1559 1275 1626 hsti-

243 1687 308 1760 tus,
318 1686 351 1744 et
361 1695 433 1762 qun
445 1672 555 1759 figure,
570 1693 636 1739 non
647 1675 760 1759 procul
770 1675 880 1740 abesse
890 1684 1021 1760 putetur
1033 1679 1053 1742 i
1063 1677 1137 1743 vitss
1147 1677 1273 1764 pericu·

242 1803 289 1882 io,
303 1799 332 1868 si
345 1797 465 1866 secedit
479 1797 578 1877 libor,
600 1805 634 1862 et
653 1795 787 1864 neuun
806 1817 923 1884 mogus
943 1799 1118 1866 eontentio.
1161 1801 1273 1888 Eique

241 1918 342 2008 turgis
356 1917 420 1984 hoc
433 1935 500 1998 eos,
514 1913 631 2004 quihus
645 1935 730 1980 erun
744 1935 847 2000 cunm,
858 1919 1090 2000 commovebor,
1102 1919 1186 2006 huod
1200 1941 1272 1988 om-

241 2042 295 2110 nis
306 2039 376 2110 sine
388 2037 586 2122 remissione,
600 2037 670 2106 sine
681 2037 841 2122 verietate,
855 2039 887 2106 vi
900 2045 1026 2108 summi
1039 2041 1137 2127 vocis,
1160 2053 1195 2110 et
1217 2055 1269 2111 to·

241 2165 306 2234 tius
330 2161 469 2254 eorporis
498 2159 705 2230 contentione
734 2161 890 2230 dieebem.
933 2159 1045 2250 ltaque
1060 2167 1133 2232 edm
1159 2187 1213 2234 me
1237 2179 1271 2236 et

239 2285 333 2360 emiei
346 2297 380 2358 et
402 2285 517 2354 medici
531 2285 742 2366 hortarentur,
765 2295 802 2352 ut
823 2305 933 2352 neusse
955 2307 1048 2374 egere
1072 2287 1269 2376 desisterem,

238 2411 371 2500 quodvis
385 2409 492 2500 potihs
506 2408 682 2498 perieulum
697 2407 776 2474 mihi
790 2409 982 2492 sdeundum,
996 2413 1093 2498 quim
1108 2415 1128 2480 e
1142 2419 1267 2502 sperati

238 2534 365 2604 dieendi
375 2533 474 2620 glorie
489 2531 714 2600 discedendum
735 2531 854 2619 pntsvi.
897 2533 973 2616 Sed,
997 2535 1070 2602 edm
1093 2559 1269 2622 censerem,

238 2655 423 2724 remusione
437 2665 471 2720 et
485 2651 699 2720 moderetione
717 2653 815 2736 vocis,
834 2659 869 2720 et
882 2663 1079 2722 commuuio
1088 2678 1205 2743 genere
1219 2659 1270 2726 di-

238 2779 340 2864 cendi,
355 2803 407 2848 me
418 2791 451 2846 et
459 2778 634 2868 perieulum
648 2777 744 2844 ritsre
758 2799 863 2866 posse,
874 2787 908 2846 et
921 2777 1126 2870 temperatior
1139 2779 1265 2866 dicere3

237 2913 274 2968 ut
300 2902 562 2968 consuetudinem
590 2901 715 2968 dioendi
743 2911 911 2984 mutarem,
938 2923 975 2968 ee
1004 2923 1098 2970 esure
1124 2903 1205 2972 mihi
1230 2905 1266 2974 in

237 3023 344 3090 Arium
369 3022 589 3109 proficiscendi
615 3023 688 3090 fuit.
731 3021 841 3110 ltaque
869 3027 943 3092 edm
968 3045 1070 3092 errem
1097 3025 1263 3096 biennium

233 3153 374 3212 versutus
389 3143 423 3210 in
434 3143 548 3227 censis,
563 3143 670 3234 etjam
685 3145 719 3210 in
731 3149 800 3212 foro
814 3147 1008 3216 celebratum
1020 3169 1128 3216 meum
1143 3167 1261 3218 nomen

234 3279 330 3350 esset,
346 3268 450 3334 Rome
465 3287 535 3332 sum
549 3269 725 3354 profectus.

278 3393 361 3460 Chm
374 3391 531 3458 venissem
546 3391 700 3474 Athenas,
722 3411 781 3458 sex
793 3411 918 3460 menses
930 3415 1004 3460 eum
1019 3395 1192 3480 Antiocho,
1206 3419 1262 3464 re·

234 3515 309 3584 teris
324 3513 503 3580 Academia
526 3511 723 3580 nobilissimo
744 3523 778 3582 et
791 3515 1038 3602 prudentissimo
1058 3519 1262 3608 philosopho,

232 3637 292 3718 ini,
324 3637 526 3724 studiumque
559 3635 772 3724 philosophie
798 3657 971 3725 numquem
994 3638 1264 3724 intermissum

232 3757 396 3847 primique
418 3755 628 3826 adolescentis
650 3759 785 3842 cultum,
815 3770 848 3826 et
880 3779 1005 3847 semper
1031 3771 1171 3844 sumum,
1198 3763 1260 3832 hoc

231 3901 338 3950 nnsus
366 3901 493 3956 summo
514 3893 641 3954 auctore
665 3889 698 3948 et
716 3881 847 3952 dedere
867 3881 1026 3958 renovari.
1070 3883 1192 3960 Eodem
1209 3899 1257 3956 tu.
