2804 4524
257 327 295 387 16
610 317 661 382 Ea
683 313 736 382 M.
756 309 925 382 TUlsth

252 491 347 558 etiam
360 490 387 556 si
400 488 640 578 praeclarissima
649 489 779 570 fuerint,
795 487 828 554 in
841 497 963 554 oratore
977 487 1126 574 peritura.
1158 461 1282 562 ¹Quant-

251 619 360 682 obrem
376 613 481 680 mirari
495 613 687 694 desinamus,
710 635 783 700 quas
799 635 895 678 causa
908 612 950 678 sit
966 611 1183 698 eloquentium
1199 637 1282 700 pan·

251 735 368 816 citatis,
383 737 455 802 curn
472 755 512 798 ex
526 733 565 799 iis
579 735 673 802 rebus
688 733 842 798 universis
855 732 1038 819 eloquentia
1053 735 1200 816 constet,'‘
1209 733 1285 822 qni·

250 857 312 925 bus
335 856 369 920 in
392 855 527 940 singulis
550 856 708 920 elaborare
730 839 939 941 permagnum
961 865 1031 918 est:
1058 853 1284 940 hortemurque

250 979 357 1068 potius
370 979 486 1044 liberos
498 987 634 1060 nostros,
650 987 857 1064 caeterosque,
880 997 1017 1064 quornm
1029 977 1130 1062 gloria
1142 977 1234 1044 nobis
1248 987 1283 1043 et

251 1099 388 1185 dignitas
401 1121 471 1164 cara
483 1109 542 1180 cst,
558 1107 596 1164 ut
607 1097 714 1163 arrimo
725 1097 769 1163 rei
782 1097 1035 1183 magnitudinem
1048 1099 1281 1184 complectant⁴

250 1243 306 1302 ur;
322 1243 425 1308 neque
441 1221 479 1288 iis
494 1233 549 1287 aut
563 1221 743 1310 praeceptis,
757 1231 813 1286 ant
827 1221 995 1306 magistris,
1011 1231 1065 1286 aut
1080 1219 1281 1286 exercitatio·

250 1345 355 1426 nibus,
370 1337 485 1432 quibas
508 1356 644 1411 utuntur
664 1367 787 1428 omnes,
809 1345 865 1412 sed
887 1345 957 1410 aliis
979 1343 1166 1432 quibusdam
1182 1366 1215 1408 sc
1231 1343 1278 1426 id,

250 1469 335 1556 quod
348 1477 516 1556 expetunt,
530 1467 683 1556 consequi
696 1491 789 1556 posse
802 1467 974 1535 confidant.
1010 1469 1058 1532 Ac
1071 1471 1140 1532 met
1151 1465 1280 1554 quidem

249 1592 407 1658 sententit
420 1613 516 1658 nemo
530 1592 647 1678 poterit
667 1615 736 1658 esse
751 1593 840 1658 omni
854 1593 946 1656 laude
961 1593 1143 1657 cumulatus
1163 1599 1279 1671 orator,

250 1715 312 1782 nisi
325 1717 385 1782 erit
396 1717 540 1786 omnium
555 1737 658 1780 rerum
672 1735 871 1799 magnarum,
880 1723 975 1799 atque
986 1715 1101 1779 artium
1114 1713 1279 1779 sclcntiam

249 1847 452 1904 consecutus.
495 1837 624 1902 Etenim
652 1859 691 1902 ex
716 1855 821 1902 rerum
844 1835 1028 1920 cognitione
1054 1839 1228 1905 efflorescat
1246 1849 1281 1906 et

246 1957 401 2026 redundet
415 1969 543 2046 oportet
558 1957 681 2024 oratio:
704 1981 776 2046 quse
798 1957 860 2024 nisi
883 1961 1005 2042 subest,
1026 1981 1076 2026 res
1099 1965 1139 2028 ab
1154 1971 1278 2029 oratore

249 2091 399 2170 percepta
413 2089 446 2148 et
461 2079 602 2166 cognita,
618 2080 745 2145 inanem
761 2079 919 2168 quandam
933 2079 1030 2152 habet
1051 2085 1279 2170 elocutionem,

248 2213 281 2270 et
295 2207 388 2292 paene
403 2203 571 2294 puerilem.

290 2449 389 2517 Nunc
407 2449 558 2538 'repetam
573 2473 622 2533 ea,
643 2473 716 2539 quae
729 2451 889 2538 qnondam
905 2453 1013 2542 accepi
1037 2453 1072 2520 in
1098 2465 1279 2524 nostrorum

248 2573 415 2640 hominum
426 2573 770 2660 eloquentissimorum,
779 2585 812 2640 et
823 2575 911 2641 omni
922 2575 1076 2662 dignitate
1084 2575 1277 2663 principum,

247 2697 462 2785 disputatione
474 2720 542 2764 esse
560 2707 691 2764 versata.
735 2697 818 2768 cnm
839 2699 1058 2768 vehementius
1079 2699 1281 2768 inveheretur

248 2819 282 2886 in
295 2843 423 2888 causam
437 2819 618 2908 principum
634 2823 746 2886 consul
762 2819 942 2908 Philippus,
958 2821 1118 2908 Drusique
1132 2823 1276 2888 tribuna·

248 2953 311 3022 tus,
323 2966 381 3028 pro
395 2949 522 3010 senatus
538 2943 726 3010 anctoritate
741 2954 922 3030 susceptus,
933 2943 1148 3030 iniringijam,
1161 2945 1276 3010 debili·
1399 2925 1400 2946 ³

246 3064 367 3152 tarique
381 3063 540 3130 videretur
549 3088 559 3146 ;
582 3066 644 3130 dici
656 3065 798 3145 memini,
813 3067 959 3130 ludorum
975 3065 1190 3132 Romanorum
1206 3065 1276 3134 die-

247 3191 306 3253 bus
328 3189 367 3252 L.
384 3185 544 3269 Crassum,
567 3188 655 3275 quasi
677 3185 847 3271 colligendi
863 3187 912 3252 sui
927 3191 1032 3268 causl,
1055 3211 1088 3254 se
1102 3189 1135 3254 in
1148 3191 1275 3258 Tuscu·

245 3311 354 3374 lanum
381 3307 567 3374 contulisse.
610 3307 741 3375 Venisse
764 3309 884 3392 eodem,
907 3331 996 3376 socer
1009 3307 1077 3398 ejus
1092 3313 1148 3401 qni
1162 3315 1276 3397 iuerat,

244 3431 387 3504 Quintus
419 3431 550 3497 Mucius
579 3431 751 3514 dicebatur,
787 3441 819 3498 et
850 3433 899 3498 M.
923 3435 1095 3516 Antonius,
1122 3435 1220 3502 homo
1241 3447 1275 3504 et

244 3553 450 3618 consiliorum
465 3553 499 3618 in
512 3552 675 3639 republica
690 3553 807 3637 socius,
821 3565 854 3620 et
869 3561 992 3620 summa
1008 3579 1081 3622 eum
1097 3556 1210 3622 Crasso
1224 3559 1274 3622 la·

245 3673 426 3742 miliaritate
441 3674 655 3763 conjunctus.¹
688 3677 842 3744 Exierant
864 3689 971 3745 antem
987 3701 1060 3745 cum
1076 3679 1144 3766 ipso
1158 3679 1274 3746 Crasso

244 3797 458 3866 adolescentes
472 3800 548 3882 duo,
561 3811 594 3866 et
606 3801 704 3867 Drusi
719 3803 855 3868 maxime
870 3805 1048 3886 familiares,
1063 3815 1095 3868 ct
1110 3803 1275 3890 inquibus

247 3937 394 4010 magnam
407 3933 475 3990 turn
488 3945 577 4015 spem
590 3924 722 4014 majores
731 3935 808 3994 natu
816 3926 981 4016 dignitatis
990 3949 1056 3996 suae
1068 3927 1273 4016 collocarent,
