2724 4494
426 125 438 160 s

390 247 395 254 ⁶
465 219 743 348 l‘A'l'liliCUiiO.
1059 297 1123 360 289
1196 235 1201 246 Ι

72 435 188 522 capite
202 439 320 504 elatum
347 451 407 524 eat,
431 443 523 532 cujus
544 440 647 536 opera
660 465 871 540 supertotum
893 467 1046 530 terrarum
1061 485 1130 533 or·.

70 557 154 622 bem
178 559 283 627 Roma
304 567 460 634 extulerat
481 581 588 656 caput.
632 575 696 640 Seu
716 577 856 662 fatalem,
872 591 908 648 ut
921 585 1040 670 plures,
1057 608 1115 656 seu

70 683 248 749 conflatum
264 685 400 768 insidiis,'
420 699 457 754 ut
479 691 578 778 aliqui
592 695 758 780 'prodidere
778 699 952 783 memorirc,
976 699 1112 775 mortem

70 805 181 872 obiit:
211 807 307 874 vitam
333 815 418 876 certia
442 811 661 898 dignissimam
685 817 763 904 egit,
788 841 860 906 quae
882 825 1000 892 nullius
1022 829 1061 896 ad
1082 829 1114 898 id

73 929 235 1015 temporis
248 943 461 1020 praeterquam
476 936 561 1004 avito
575 939 700 1024 fulgore
715 941 903 1010 vinceretur.

393 1181 529 1248 CAlUS
552 1183 810 1258 GRACCHUS.

120 1347 244 1414 Decem
270 1349 384 1418 deinde
404 1353 599 1442 interpositis
624 1360 727 1442 annia,
750 1361 805 1450 qui
818 1359 896 1430 Tib.
919 1365 1112 1458 Gracchum,

73 1470 162 1538 idem
178 1471 302 1556 Caium,
317 1475 444 1548 fratrem
461 1477 540 1564 ejus,
556 1481 724 1568 occupavit
738 1485 838 1566 furor,
860 1497 926 1552 tam
941 1491 1109 1562 virtutibus

70 1593 143 1683 ejus
168 1597 315 1663 omnibus
337 1607 434 1686 quam
459 1601 532 1668 huic
555 1603 651 1668 errori
674 1605 823 1690 similem,
847 1609 980 1696 ingenio
1005 1615 1103 1684 etiam

68 1691 322 1808 eloquendique
339 1725 435 1808 longe
450 1727 724 1812 praestantiorem:
740 1731 808 1818 qui,
818 1735 1026 1806 consumma
1038 1739 1110 1828 qui·

74 1853 127 1909 ete
151 1843 249 1910 animi
275 1845 410 1912 civitatis
432 1849 581 1938 princeps
606 1873 675 1916 esse
695 1867 815 1940 posset,
839 1859 890 1922 vel
911 1860 1109 1932 vindicanda

75 1965 225 2030 fraternae
241 1965 352 2034 mortis
364 1969 479 2054 gratia,
495 1973 544 2036 vel
558 1973 932 2066 proemuniendaeregalis
945 1983 1121 2070 potentiam·

75 2089 218 2180 ejusdem
235 2097 373 2184 exempli
399 2097 595 2168 tribunatum
619 2101 794 2190 ingressus,
817 2109 915 2194 longi
942 2109 1062 2200 majora
1074 2124 1108 2180 et

75 2217 196 2284 acriora
209 2229 368 2306 repetens,
383 2221 477 2288 dabat
492 2223 653 2291 civitatem
673 2229 823 2297 omnibus
846 2231 978 2318 italicis,
994 2245 1108 2301 exten-

74 2342 168 2408 debat
190 2362 260 2406 eam
285 2347 368 2430 pene
392 2365 494 2434 usque
514 2348 635 2434 Alpea3
658 2349 818 2417 dividebat
840 2374 957 2440 egroa3
978 2361 1106 2426 vetabat

74 2433 267 2552 {quemquam
282 2463 384 2528 civem
396 2465 469 2577 pius
480 2465 666 2552 quingentis
674 2465 840 2556 jugeribus
854 2472 990 2556 habere;
1008 2477 1108 2564 (quod

68 2584 237 2674 aliquando
255 2587 325 2674 lege
342 2583 468 2653 Licinia
492 2597 620 2654 cautum
644 2591 745 2668 eratr)
772 2614 856 2658 nova
881 2595 1098 2664 constituebat
1154 2643 1158 2652 ·

71 2709 230 2801 portoria3
255 2709 345 2781 novis
358 2709 492 2775 coloniis
504 2709 647 2794 replebat
660 2711 859 2798 provinciam
879 2711 1002 2802 judicia
1016 2721 1034 2782 i
1047 2739 1100 2783 se-

73 2847 151 2902 natu
165 2835 373 2899 transferebat
383 2831 423 2898 ad
436 2831 582 2919 equites;
606 2835 801 2900 frumentum
816 2837 904 2924 plebi
919 2837 992 2904 dare
1008 2839 1101 2906 insti·
1186 2887 1188 2892 ·

73 2963 196 3019 tuerat:
220 2951 300 3015 nihil
316 2951 496 3030 immotum,
521 2949 601 3040 nilril
626 2951 846 3040 tranquillum,
865 2953 944 3021 nihil
957 2957 1102 3044 quietum

71 3075 208 3164 denique
223 3075 256 3140 in
272 3075 385 3140 eodem
403 3085 490 3140 statu
511 3075 731 3162 relinquebat3
755 3077 833 3163 quin
855 3081 987 3146 alterum
1005 3081 1101 3150 etlam
1146 3169 1151 3176 Ι

71 3197 269 3266 continuarit
304 3197 514 3262 tribunatum.
566 3189 736 3264 Hunc’L.
766 3199 915 3286 Opimius
948 3201 1023 3270 Cos.
1047 3203 1103 3292 qui

71 3334 187 3414 praetor
202 3321 361 3406 Fregellas
377 3317 546 3399 exciderat,
557 3330 740 3404 persecutus
755 3322 860 3401 armis,
875 3327 1002 3410 unique
1018 3325 1099 3390 Fal·

70 3445 157 3512 rium
171 3441 335 3522 Flaccum,
351 3440 550 3512 consularem
565 3461 601 3504 ac
625 3441 848 3528 triumphalem
870 3443 982 3524 virum,
1005 3449 1098 3532 aqua

69 3585 165 3653 prava
178 3561 359 3650 cupientem
375 3564 484 3646 (quem
500 3557 537 3623 C.
551 3555 715 3624 Gracchus
730 3557 763 3624 in
779 3559 885 3624 locum
895 3555 1016 3624 Tiberii
1033 3561 1096 3627 lra-

67 3685 126 3754 tria
135 3681 353 3750 Triumvimm
367 3679 594 3760 nominaverat,
610 3701 748 3768 cumque
763 3679 884 3747 socium
909 3681 1022 3768 regalis
1038 3683 1093 3754 ad-

67 3815 244 3898 sumpserat
258 3804 424 3893 potentiae)
443 3813 543 3868 morte
558 3801 678 3869 adficit.
772 3907 775 3916 γ
974 3793 978 3800 ’

551 3964 611 4058 Pa
