2750 4510
485 265 562 334 'Eo
584 267 718 336 nlvl0.
1067 273 1127 348 173

60 495 63 498 -
88 443 276 530 fugientem
290 439 437 522 viderint,
449 464 507 528 pro
519 441 611 508 hoste
625 441 773 506 habeant.
817 441 867 506 lta
887 451 977 506 metu
998 443 1128 530 ancipiti

89 563 179 632 versi
193 567 213 628 n
226 566 305 648 fugi
320 563 457 628 Romani
473 563 505 626 in
521 563 658 642 hostem,
673 571 706 628 et
721 563 867 628 restituta
881 564 975 628 acics.
1005 563 1128 644 Cohors

88 685 261 752 dictatoris
277 695 345 748 tum
361 683 498 770 primurn
514 683 659 770 praelium
677 683 759 749 iniit.
790 685 927 769 Integris
943 686 1128 772 corporibus

89 805 277 892 animisque
293 807 392 870 fessos
405 803 504 870 adorti
517 806 642 869 exsules
658 805 797 871 caedunt.
823 805 874 874 Ibi
886 807 946 872 alia
960 807 1042 872 inter
1054 830 1129 894 pros

90 951 186 1002 ceres
201 937 308 994 coorta
322 950 441 1014 pugna.
478 929 653 1031 Imperator
668 929 812 1010 Latinus,
828 929 884 996 ubi
898 931 1061 1006 cohortem
1073 953 1130 1004 err·

87 1056 205 1124 sulum
234 1051 418 1122 idiotatore
434 1051 579 1122 Romano
594 1057 691 1144 prope
707 1053 954 1122 circumventam
979 1055 1067 1138 vidit,
1090 1077 1131 1130 cx

90 1173 295 1242 subsidiariis
311 1174 491 1264 manipnlos
507 1175 628 1262 aliquot
643 1175 675 1240 in
691 1175 824 1262 primam
839 1179 938 1244 aciem
955 1201 1062 1246 secum
1078 1202 1129 1246 ra-

90 1301 172 1398 pit..
203 1299 276 1362 Hos
292 1299 419 1382 agmine
434 1300 595 1368 venientes
607 1301 648 1364 T.
668 1301 853 1372 Herminius
867 1303 989 1386 legatus
1001 1304 1130 1390 conspi-

93 1431 203 1500 catus,
230 1420 375 1516 interque
397 1442 450 1484 eos
475 1421 632 1506 insignem
656 1432 743 1496 veste
770 1424 926 1511 armisque
950 1425 1130 1494 Mamilium

93 1543 275 1625 noscitans,
288 1555 387 1609 'tanto
415 1545 445 1618 vi
471 1541 602 1630 majore,
627 1549 722 1630 quam
747 1549 855 1632 paullo
879 1557 952 1620 ante
982 1550 1133 1634 magister

81 1678 261 1773 equitum,
279 1700 353 1744 curn
371 1677 511 1741 hostium
527 1677 607 1741 duce
622 1677 768 1762 praelium
784 1677 866 1760 iniit,
886 1687 921 1742 ut
942 1687 974 1742 et
988 1701 1054 1743 uno
1069 1679 1135 1744 ictu

95 1801 288 1868 transfixum
302 1823 357 1886 per
369 1803 450 1864 latus
461 1800 612 1864 occiderit
627 1799 820 1882 Mamilium,
833 1802 943 1888 etipse
958 1801 1041 1866 inter
1055 1825 1132 1888 spo·

95 1921 245 1988 liandum
271 1943 386 2006 corpus
402 1919 503 1984 hostis
525 1931 635 1984 veruto
661 1942 840 2006 percussus,
862 1943 961 2008 quum
975 1921 1076 1986 victor
1098 1909 1133 1992 in

80 2019 203 2112 ¹neutra
217 2055 300 2110 esset
314 2047 442 2127 relatus,
459 2045 541 2109 inter
556 2041 688 2130 primam
705 2045 900 2115 curationem
917 2045 1132 2134 exspiraverit.

94 2167 187 2234 Tum
202 2165 242 2231 ad
256 2166 379 2266 equites
396 2148 531 2230 dictator
547 2165 682 2246 advolat,
698 2169 873 2248 obtestans,
889 2163 944 2248 ἰιι,
961 2169 1045 2234 fesso
1063 2167 1132 2254 jam

96 2291 219 2380 pedite,
235 2289 428 2370 descendant
442 2311 480 2352 ex
495 2289 594 2376 equis,
618 2299 650 2354 et
665 2311 804 2375 pugnarn
822 2300 997 2376 capessant.
1034 2291 1134 2357 Dicto

96 2417 252 2502 paruerer¹
276 2413 426 2489 desiliunt
439 2435 475 2478 ex
491 2413 591 2498 equis,
611 2415 776 2498 provolant
798 2413 830 2475 in
848 2414 999 2498 primum,
1020 2425 1053 2479 et
1075 2437 1134 2502 pro

99 2511 321 2623 ¹antesignanis
336 2559 459 2622 parmas
474 2533 642 2622 objiciunt.
677 2535 805 2620 Recipit
820 2539 978 2622 extemplo
993 2537 1134 2616 animum

100 2661 257 2764 pedestris
273 2662 367 2740 acies,
381 2670 549 2745 postquam
561 2657 740 2744 juventutis
764 2679 909 2744 proceres
930 2669 1056 2744 aequato
1076 2681 1133 2744 ge·

101 2805 180 2849 nere
192 2805 310 2884 pugna,
322 2805 430 2846 secum
442 2789 561 2884 purtem
574 2777 706 2882 periculi
721 2777 913 2848 sustinentes
929 2779 1021 2852 vidit
1048 2777 1135 2844 Turn

102 2909 234 2974 demum
256 2905 385 2992 impulsi
409 2903 530 2983 Latini,
551 2903 780 2989 perculsaque
772 2901 936 2968 inclinavit
950 2901 1043 2970 acies.
1086 2901 1135 2970 E-

101 3029 245 3120 quitibus
261 3029 380 3095 admoti
377 3025 480 3118 equi,
494 3039 530 3092 ut
542 3049 689 3114 persequi
680 3025 981 3114 '.hostempossent
1019 3027 1136 3106 Secuta

101 3130 138 3226 et
151 3161 306 3262 pedestris
321 3161 416 3236 acies.
461 3157 511 3222 lbi
526 3157 605 3234 nihil
622 3179 680 3222 nec
695 3155 810 3230 divine
827 3179 885 3220 nec
901 3157 1049 3222 humnnae
1067 3157 1136 3252 opis

101 3285 240 3350 dictator
263 3283 521 3378 praetermittens,
546 3279 648 3358 aedem
672 3281 795 3344 Castori
818 3273 941 3350 'vovisse
957 3281 1076 3362 lertur3
1100 3302 1137 3344 ao

102 3409 335 3514 pronunciasse
351 3407 444 3488 militi
460 3405 602 3493 praemia,
615 3405 670 3490 qui
681 3403 814 3502 primus?
827 3404 883 3490 qui
895 3401 1053 3472 secundus
1068 3425 1138 3470 cas-

103 3543 155 3612 trp
181 3529 325 3606 hostium
351 3527 511 3608 intrlsset‚
554 3525 742 3624 Tantusque
764 3525 941 3606 ardorfuit‚
966 3535 1003 3588 ut
1026 3523 1138 3592 eodem
1183 3517 1188 3529 “

103 3656 241 3744 impetu,
268 3675 333 3740 quo
360 3653 507 3729 fuderant
532 3653 666 3730 hostem,
698 3647 833 3714 Romani
853 3659 956 3712 castra
980 3656 1140 3735 caperent.

106 3777 185 3843 Hoc
199 3775 296 3841 modo
311 3775 350 3841 ad
365 3777 467 3841 lacum
485 3773 648 3858 Regillum
663 3781 842 3856 pugnatum
858 3781 917 3834 est.
951 3770 1099 3838 Dictator
1109 3777 1143 3848 et

105 3899 257 4002 mnpn'ster
272 3899 417 3987 equitum
433 3875 668 4000 triumphantes
685 3896 718 3960 in
734 3897 845 3972 urbem
861 3895 989 3960 rediere.
