2750 4510
251 283 294 344 so
605 271 661 344 Ee
681 251 732 340 n.
753 267 924 342 mullo

245 447 358 516 deinde
386 449 426 514 ab
455 445 603 514 inferiore
629 457 717 532 parte
749 455 896 512 tutantur
919 442 1084 532 subjectae,
1108 446 1284 533 leviterque

248 571 436 638 eminentes.
480 571 587 634 Nasus
602 570 647 634 ita
669 569 792 636 locatus
815 581 876 650 cst,
892 579 930 636 ut
950 569 1041 654 quasi
1055 591 1165 634 munus
1180 569 1283 637 oculis

247 691 432 780 interjectus
447 711 515 756 esse
530 691 682 758 videatur.

288 815 425 882 Auditus
444 825 550 880 autem
574 835 698 899 semper
726 821 833 897 patet:
865 809 944 898 ejus,
959 810 1044 876 enim
1067 830 1165 876 sensu
1185 811 1283 878 etiarn

145 1001 148 1012 ‚
245 937 437 1006 dormientes
452 959 603 1023 egemus3
627 939 644 1000 d
660 957 724 1020 quo
739 938 812 1002 edm
826 955 923 1000 sonus
938 945 986 1000 est
1009 941 1171 1020 acceptus,
1185 935 1283 1000 eden

247 1068 395 1126 esornno
415 1059 598 1126 excitamur.
642 1059 836 1124 Flexuosum
861 1057 919 1122 iter
941 1056 1050 1137 habet,
1065 1079 1105 1124 ne
1129 1057 1207 1144 quid
1228 1057 1285 1122 iu-

246 1195 327 1248 trare
340 1181 451 1268 possit.
497 1181 663 1248 Provisum
677 1179 786 1260 etiam,
801 1191 849 1258 ut,
873 1179 900 1244 si
915 1201 977 1264 qua
1001 1179 1133 1244 minima
1147 1178 1285 1244 bestiola

245 1315 412 1370 conaretur
427 1305 571 1389 irrepere,
586 1303 620 1368 in
643 1301 788 1368 sordibus
813 1301 947 1380 muium,
963 1311 1112 1386 tanquam
1134 1299 1168 1366 in
1183 1301 1283 1380 visco,

245 1427 477 1494 inhaeresceret.
520 1425 621 1494 Extra
649 1437 755 1492 autem
790 1424 943 1503 eminent,
975 1425 1047 1509 qdm
1084 1425 1284 1510 appellantur

245 1571 348 1631 sures,
371 1561 404 1616 et
427 1549 555 1634 tegendi
579 1556 674 1616 causa
699 1551 792 1614 sactae
815 1547 1002 1634 tutandique
1028 1567 1160 1626 sensus3
1183 1557 1216 1612 et
1241 1569 1283 1612 ne

183 1737 188 1764 ,
245 1671 377 1760 adjectae
400 1695 493 1738 voces
518 1675 698 1738 laberentur
720 1682 815 1756 atque
838 1681 989 1750 errarent,
1002 1671 1185 1756 priusquam
1208 1689 1282 1736 sen·

245 1817 300 1862 sus
314 1799 355 1860 ab
371 1795 420 1860 his
435 1797 545 1879 pulsus
561 1805 655 1860 esset.
698 1793 763 1856 Sed
777 1793 872 1858 duros
886 1803 919 1858 et
940 1793 1029 1879 quasi
1043 1795 1209 1858 corneolos
1223 1792 1281 1856 lra-

245 1920 322 1982 bent
346 1917 507 1995 introitus,
522 1915 694 2001 multisque
718 1937 792 1980 cum
815 1915 961 1996 flexibus,
976 1917 1060 2000 quod
1087 1915 1136 1980 his
1161 1915 1281 1982 naturis

244 2039 587 2122 relatusamplilieatur
610 2060 720 2104 sonus.
764 2039 922 2110 Quocirca
935 2050 968 2104 et
992 2040 1025 2104 in
1040 2039 1156 2104 fidibus
1179 2049 1281 2108 testu·

246 2163 320 2228 dine
332 2171 507 2240 resonatur,
523 2171 579 2226 aut
594 2183 713 2227 cornua
737 2173 770 2226 et
785 2183 825 2228 ex
839 2161 990 2228 tortuosis
1004 2161 1083 2228 locis
1097 2173 1129 2228 et
1145 2161 1277 2230 inclusis

245 2285 315 2352 soni
328 2287 505 2350 referuntur
528 2283 705 2370 arnpliores.
750 2283 902 2350 Similiter
932 2291 1033 2368 naret,
1062 2307 1134 2372 quse
1157 2305 1282 2372 semper

244 2419 371 2494 propter
395 2407 584 2472 necessarias
609 2406 761 2472 utilitates
785 2417 908 2494 patent,
924 2409 1148 2474 contractiores
1163 2409 1283 2474 liabent

245 2529 405 2610 introitus,
420 2553 460 2596 ne
482 2529 559 2616 quid
585 2529 619 2594 in
643 2545 708 2610 eas,
723 2531 807 2616 quod
831 2541 955 2610 noceat,
969 2531 1070 2646 possit
1093 2531 1279 2619 persedere:

245 2655 472 2740 humoremque
496 2675 619 2740 semper
641 2655 760 2720 habent
783 2655 822 2720 ad
844 2657 1017 2740 pulverem,
1033 2659 1195 2742 multaque
1218 2657 1279 2722 alia

243 2769 439 2862 depellenda,
456 2795 521 2840 non
541 2773 714 2840 inutilem..
745 2773 900 2842 Gustatus
923 2781 1070 2862 praeclare
1086 2787 1194 2864 septus
1208 2787 1277 2842 este

242 2919 295 2962 ore
311 2899 396 2962 enim
412 2898 605 2979 continetur,
620 2897 706 2964 etad
721 2919 816 2964 usum
837 2905 922 2985 apte,
937 2911 970 2966 et
993 2901 1032 2966 ad
1046 2901 1275 2969 incolmnitstis

243 3021 433 3086 custodiam.

284 3141 359 3208 darn
382 3145 455 3208 vero
481 3145 624 3210 animum
648 3144 763 3231 ipsum,
779 3154 980 3232 mentemque
1007 3145 1157 3228 hominis,
1181 3147 1278 3214 ratio-

242 3287 327 3346 nem,
343 3263 523 3344 consilium,
538 3267 750 3352 prudentiam,
766 3270 821 3353 qul
838 3291 902 3336 non
928 3269 1035 3340 divina
1049 3277 1124 3336 curi
1138 3273 1277 3357 perlecta

243 3409 310 3454 esse
325 3387 484 3473 perspicit,
499 3387 526 3450 is
542 3387 592 3452 his
607 3389 683 3474 ipsis
698 3391 792 3456 rebus
813 3391 891 3458 milri
906 3391 1030 3458 videtur
1045 3413 1158 3460 carere.
1203 3393 1275 3458 Jaru

242 3513 315 3574 γετὸ
342 3511 599 3582 dominatorum
634 3513 801 3598 eloquendi
832 3515 890 3594 vis,
917 3520 1013 3600 quam
1041 3527 1088 3582 est
1112 3519 1274 3602 praeclara,

239 3621 397 3718 quimque
412 3633 537 3700 divina!
561 3657 634 3720 quae
655 3637 793 3722 primdm
806 3638 912 3718 efficit,
927 3648 965 3702 ut
986 3661 1033 3720 ea,
1049 3663 1121 3725 quie
1147 3639 1275 3724 ignore·

242 3775 324 3835 mus,
340 3755 479 3840 discere3
503 3771 535 3824 et
558 3781 605 3841 es,
629 3781 701 3844 quae
727 3761 854 3844 scimus,
877 3761 955 3828 alios
979 3763 1089 3828 docere
1105 3763 1275 3848 possimus.

240 3875 367 3948 Deinde
390 3881 450 3948 lrtc
473 3884 685 3968 cohortemur,
709 3887 769 3952 hle
789 3885 1024 3974 persudemus,
1047 3887 1106 3954 hic
1127 3889 1273 3956 eousols-
