<?xml version="1.0" encoding="UTF-8"?>
<!DOCTYPE html PUBLIC "-//W3C//DTD XHTML 1.0 Transitional//EN"
    "http://www.w3.org/TR/xhtml1/DTD/xhtml1-transitional.dtd">
<html xmlns="http://www.w3.org/1999/xhtml" xml:lang="en" lang="en">
 <head>
  <title>
</title>
<meta http-equiv="Content-Type" content="text/html;charset=utf-8" />
  <meta name='ocr-system' content='tesseract 3.04.00' />
  <meta name='ocr-capabilities' content='ocr_page ocr_carea ocr_par ocr_line ocrx_word'/>
</head>
<body>
  <div class='ocr_page' id='page_1' title='image "./scriptoresroman01unkngoog_0150.png"; bbox 0 0 2750 4510; ppageno 0'>
   <div class='ocr_carea' id='block_1_1' title="bbox 519 209 1211 344">
    <p class='ocr_par' dir='ltr' id='par_1_1' title="bbox 519 209 1211 344">
     <span class='ocr_line' id='line_1_1' title="bbox 519 209 1211 344; baseline 0.01 -8"><span class='ocrx_word' id='word_1_1' title='bbox 519 261 758 342; x_wconf 73' lang='lat' dir='ltr'>cicunou‘u.</span> <span class='ocrx_word' id='word_1_2' title='bbox 1089 277 1149 344; x_wconf 76' lang='lat'>189</span> <span class='ocrx_word' id='word_1_3' title='bbox 1209 209 1211 214; x_wconf 68' lang='lat'>&#39;</span> 
     </span>
    </p>
   </div>
   <div class='ocr_carea' id='block_1_2' title="bbox 62 413 1162 3200">
    <p class='ocr_par' dir='ltr' id='par_1_2' title="bbox 62 413 1162 3200">
     <span class='ocr_line' id='line_1_2' title="bbox 62 413 1146 532; baseline 0.002 -22"><span class='ocrx_word' id='word_1_4' title='bbox 62 413 65 421; x_wconf 21' lang='lat'>¹</span> <span class='ocrx_word' id='word_1_5' title='bbox 114 445 161 510; x_wconf 70' lang='lat' dir='ltr'>&#39;ee</span> <span class='ocrx_word' id='word_1_6' title='bbox 178 443 370 530; x_wconf 46' lang='lat' dir='ltr'>&amp;enquoe</span> <span class='ocrx_word' id='word_1_7' title='bbox 384 439 476 508; x_wconf 89' lang='lat' dir='ltr'>illum</span> <span class='ocrx_word' id='word_1_8' title='bbox 488 443 595 508; x_wconf 85' lang='lat' dir='ltr'>locum</span> <span class='ocrx_word' id='word_1_9' title='bbox 611 441 735 526; x_wconf 77' lang='lat' dir='ltr'>nccobt,</span> <span class='ocrx_word' id='word_1_10' title='bbox 748 449 876 530; x_wconf 72' lang='lat' dir='ltr'>propter</span> <span class='ocrx_word' id='word_1_11' title='bbox 895 433 1146 532; x_wconf 73' lang='lat' dir='ltr'>magnitudinem</span> 
     </span>
     <span class='ocr_line' id='line_1_3' title="bbox 110 559 1141 647; baseline 0.002 -13"><span class='ocrx_word' id='word_1_12' title='bbox 110 567 252 647; x_wconf 74' lang='lat' dir='ltr'>sonitus,</span> <span class='ocrx_word' id='word_1_13' title='bbox 267 567 362 631; x_wconf 87' lang='lat' dir='ltr'>sensu</span> <span class='ocrx_word' id='word_1_14' title='bbox 376 565 523 631; x_wconf 81' lang='lat' dir='ltr'>audiendi</span> <span class='ocrx_word' id='word_1_15' title='bbox 538 577 632 632; x_wconf 82' lang='lat' dir='ltr'>caret.</span> <span class='ocrx_word' id='word_1_16' title='bbox 678 559 745 632; x_wconf 86' lang='lat' dir='ltr'>Hic</span> <span class='ocrx_word' id='word_1_17' title='bbox 767 570 840 632; x_wconf 82' lang='lat' dir='ltr'>verb</span> <span class='ocrx_word' id='word_1_18' title='bbox 858 561 965 642; x_wconf 80' lang='lat' dir='ltr'>tantus</span> <span class='ocrx_word' id='word_1_19' title='bbox 980 579 1029 634; x_wconf 84' lang='lat' dir='ltr'>est</span> <span class='ocrx_word' id='word_1_20' title='bbox 1042 572 1141 636; x_wconf 83' lang='lat' dir='ltr'>totius</span> 
     </span>
     <span class='ocr_line' id='line_1_4' title="bbox 120 687 1147 769; baseline -0.001 -14"><span class='ocrx_word' id='word_1_21' title='bbox 120 689 236 755; x_wconf 81' lang='lat' dir='ltr'>mundi</span> <span class='ocrx_word' id='word_1_22' title='bbox 249 687 467 754; x_wconf 63' lang='lat' dir='ltr'>incitatissima</span> <span class='ocrx_word' id='word_1_23' title='bbox 482 688 692 754; x_wconf 85' lang='lat' dir='ltr'><strong>conversione</strong></span> <span class='ocrx_word' id='word_1_24' title='bbox 707 689 840 769; x_wconf 86' lang='lat' dir='ltr'>sonitus,</span> <span class='ocrx_word' id='word_1_25' title='bbox 850 699 887 754; x_wconf 90' lang='lat' dir='ltr'>ut</span> <span class='ocrx_word' id='word_1_26' title='bbox 899 711 971 752; x_wconf 86' lang='lat' dir='ltr'>eum</span> <span class='ocrx_word' id='word_1_27' title='bbox 987 711 1075 754; x_wconf 82' lang='lat' dir='ltr'>aures</span> <span class='ocrx_word' id='word_1_28' title='bbox 1087 691 1147 754; x_wconf 90' lang='lat' dir='ltr'>ho-</span> 
     </span>
     <span class='ocr_line' id='line_1_5' title="bbox 115 797 1148 895; baseline -0.002 -19"><span class='ocrx_word' id='word_1_29' title='bbox 115 810 246 876; x_wconf 76' lang='lat' dir='ltr'>milium</span> <span class='ocrx_word' id='word_1_30' title='bbox 266 827 374 895; x_wconf 79' lang='lat' dir='ltr'>capere</span> <span class='ocrx_word' id='word_1_31' title='bbox 388 829 455 874; x_wconf 89' lang='lat' dir='ltr'>non</span> <span class='ocrx_word' id='word_1_32' title='bbox 470 809 616 894; x_wconf 82' lang='lat' dir='ltr'>possint3</span> <span class='ocrx_word' id='word_1_33' title='bbox 642 809 725 874; x_wconf 85' lang='lat' dir='ltr'>sicut</span> <span class='ocrx_word' id='word_1_34' title='bbox 740 797 855 874; x_wconf 83' lang='lat' dir='ltr'>intueri</span> <span class='ocrx_word' id='word_1_35' title='bbox 869 811 969 873; x_wconf 88' lang='lat' dir='ltr'>solem</span> <span class='ocrx_word' id='word_1_36' title='bbox 984 809 1148 874; x_wconf 87' lang='lat' dir='ltr'>adversum</span> 
     </span>
     <span class='ocr_line' id='line_1_6' title="bbox 116 929 1114 1018; baseline -0.002 -21"><span class='ocrx_word' id='word_1_37' title='bbox 116 931 269 1018; x_wconf 85' lang='lat' dir='ltr'>nequitis,</span> <span class='ocrx_word' id='word_1_38' title='bbox 288 929 419 1016; x_wconf 85' lang='lat' dir='ltr'>ejusque</span> <span class='ocrx_word' id='word_1_39' title='bbox 435 930 527 994; x_wconf 78' lang='lat' dir='ltr'>radiis</span> <span class='ocrx_word' id='word_1_40' title='bbox 542 931 623 995; x_wconf 76' lang='lat' dir='ltr'>acies</span> <span class='ocrx_word' id='word_1_41' title='bbox 639 943 741 996; x_wconf 84' lang='lat' dir='ltr'>vestra</span> <span class='ocrx_word' id='word_1_42' title='bbox 756 953 927 1016; x_wconf 84' lang='lat' dir='ltr'>sensusque</span> <span class='ocrx_word' id='word_1_43' title='bbox 943 931 1114 995; x_wconf 83' lang='lat' dir='ltr'>vincitur.&#39;&#39;</span> 
     </span>
     <span class='ocr_line' id='line_1_7' title="bbox 167 1043 1150 1137; baseline 0.002 -17"><span class='ocrx_word' id='word_1_44' title='bbox 167 1049 249 1120; x_wconf 75' lang='lat' dir='ltr'>ffoec</span> <span class='ocrx_word' id='word_1_45' title='bbox 265 1075 325 1137; x_wconf 80' lang='lat' dir='ltr'>ego</span> <span class='ocrx_word' id='word_1_46' title='bbox 341 1043 507 1133; x_wconf 71' lang='lat' dir='ltr'>admirnns,</span> <span class='ocrx_word' id='word_1_47' title='bbox 527 1055 699 1118; x_wconf 82' lang='lat' dir='ltr'>referebam</span> <span class='ocrx_word' id='word_1_48' title='bbox 721 1063 826 1120; x_wconf 71' lang='lat' dir='ltr'>tomen</span> <span class='ocrx_word' id='word_1_49' title='bbox 847 1056 955 1120; x_wconf 88' lang='lat' dir='ltr'>oeulos</span> <span class='ocrx_word' id='word_1_50' title='bbox 974 1055 1012 1118; x_wconf 82' lang='lat' dir='ltr'>ad</span> <span class='ocrx_word' id='word_1_51' title='bbox 1036 1065 1150 1122; x_wconf 83' lang='lat' dir='ltr'>terrum</span> 
     </span>
     <span class='ocr_line' id='line_1_8' title="bbox 112 1167 1142 1262; baseline 0.003 -22"><span class='ocrx_word' id='word_1_52' title='bbox 112 1167 298 1242; x_wconf 75' lang='lat' dir='ltr'>identidem.</span> <span class='ocrx_word' id='word_1_53' title='bbox 333 1175 419 1239; x_wconf 86' lang='lat' dir='ltr'>Tum</span> <span class='ocrx_word' id='word_1_54' title='bbox 433 1175 612 1256; x_wconf 81' lang='lat' dir='ltr'>Africanus,</span> <span class='ocrx_word' id='word_1_55' title='bbox 626 1181 649 1214; x_wconf 88' lang='lat'><strong><em>“</em></strong></span> <span class='ocrx_word' id='word_1_56' title='bbox 664 1175 811 1257; x_wconf 87' lang='lat' dir='ltr'>Sentio,’&#39;</span> <span class='ocrx_word' id='word_1_57' title='bbox 827 1177 940 1262; x_wconf 88' lang='lat' dir='ltr'>inquit,</span> <span class='ocrx_word' id='word_1_58' title='bbox 955 1182 978 1216; x_wconf 90' lang='lat'><strong>“</strong></span> <span class='ocrx_word' id='word_1_59' title='bbox 993 1189 1024 1242; x_wconf 87' lang='lat' dir='ltr'>te</span> <span class='ocrx_word' id='word_1_60' title='bbox 1034 1177 1142 1243; x_wconf 89' lang='lat' dir='ltr'>sedem</span> 
     </span>
     <span class='ocr_line' id='line_1_9' title="bbox 110 1287 1142 1382; baseline 0.002 -22"><span class='ocrx_word' id='word_1_61' title='bbox 110 1287 210 1360; x_wconf 81' lang='lat' dir='ltr'>etlam</span> <span class='ocrx_word' id='word_1_62' title='bbox 227 1307 313 1359; x_wconf 88' lang='lat' dir='ltr'>nun&#39;c</span> <span class='ocrx_word' id='word_1_63' title='bbox 328 1295 495 1360; x_wconf 87' lang='lat' dir='ltr'>hominum</span> <span class='ocrx_word' id='word_1_64' title='bbox 510 1315 546 1359; x_wconf 83' lang='lat' dir='ltr'>ac</span> <span class='ocrx_word' id='word_1_65' title='bbox 561 1296 691 1360; x_wconf 90' lang='lat' dir='ltr'>domum</span> <span class='ocrx_word' id='word_1_66' title='bbox 706 1297 931 1379; x_wconf 85' lang='lat' dir='ltr'>contemplari:</span> <span class='ocrx_word' id='word_1_67' title='bbox 955 1320 1026 1382; x_wconf 86' lang='lat' dir='ltr'>quae</span> <span class='ocrx_word' id='word_1_68' title='bbox 1042 1297 1068 1362; x_wconf 90' lang='lat' dir='ltr'>si</span> <span class='ocrx_word' id='word_1_69' title='bbox 1082 1297 1142 1364; x_wconf 86' lang='lat' dir='ltr'>tibi</span> 
     </span>
     <span class='ocr_line' id='line_1_10' title="bbox 111 1415 1142 1504; baseline 0.005 -25"><span class='ocrx_word' id='word_1_70' title='bbox 111 1438 208 1504; x_wconf 82' lang='lat' dir='ltr'>parva</span> <span class='ocrx_word' id='word_1_71' title='bbox 225 1419 275 1502; x_wconf 88' lang='lat' dir='ltr'>(ut</span> <span class='ocrx_word' id='word_1_72' title='bbox 288 1417 347 1490; x_wconf 87' lang='lat' dir='ltr'>est)</span> <span class='ocrx_word' id='word_1_73' title='bbox 367 1417 411 1480; x_wconf 83' lang='lat' dir='ltr'>ita</span> <span class='ocrx_word' id='word_1_74' title='bbox 425 1415 558 1494; x_wconf 87' lang='lat' dir='ltr'>videtur,</span> <span class='ocrx_word' id='word_1_75' title='bbox 584 1417 653 1480; x_wconf 82' lang='lat' dir='ltr'>haec</span> <span class='ocrx_word' id='word_1_76' title='bbox 668 1417 811 1480; x_wconf 82' lang='lat' dir='ltr'>coelestia</span> <span class='ocrx_word' id='word_1_77' title='bbox 833 1439 955 1504; x_wconf 85' lang='lat' dir='ltr'>semper</span> <span class='ocrx_word' id='word_1_78' title='bbox 978 1429 1142 1503; x_wconf 82' lang='lat' dir='ltr'>spectot03</span> 
     </span>
     <span class='ocr_line' id='line_1_11' title="bbox 107 1525 1141 1623; baseline 0.003 -20"><span class='ocrx_word' id='word_1_79' title='bbox 107 1539 167 1603; x_wconf 81' lang='lat' dir='ltr'>illa</span> <span class='ocrx_word' id='word_1_80' title='bbox 200 1533 338 1603; x_wconf 82' lang='lat' dir='ltr'>hdmnnn</span> <span class='ocrx_word' id='word_1_81' title='bbox 370 1539 579 1604; x_wconf 86' lang='lat' dir='ltr'>contemnito.</span> <span class='ocrx_word' id='word_1_82' title='bbox 621 1537 674 1601; x_wconf 86' lang='lat' dir='ltr'>Tu</span> <span class='ocrx_word' id='word_1_83' title='bbox 697 1538 781 1602; x_wconf 90' lang='lat' dir='ltr'>enim</span> <span class='ocrx_word' id='word_1_84' title='bbox 804 1559 900 1623; x_wconf 85' lang='lat' dir='ltr'>quarn</span> <span class='ocrx_word' id='word_1_85' title='bbox 929 1525 1141 1606; x_wconf 67' lang='lat' dir='ltr'>celebrits&#39;stem</span> 
     </span>
     <span class='ocr_line' id='line_1_12' title="bbox 107 1661 1140 1746; baseline 0 -18"><span class='ocrx_word' id='word_1_86' title='bbox 107 1662 265 1728; x_wconf 79' lang='lat' dir='ltr'>sermonis</span> <span class='ocrx_word' id='word_1_87' title='bbox 282 1664 460 1740; x_wconf 87' lang='lat' dir='ltr'>hominum,</span> <span class='ocrx_word' id='word_1_88' title='bbox 474 1671 528 1725; x_wconf 83' lang='lat' dir='ltr'>aut</span> <span class='ocrx_word' id='word_1_89' title='bbox 543 1674 638 1745; x_wconf 81' lang='lat' dir='ltr'>quam</span> <span class='ocrx_word' id='word_1_90' title='bbox 654 1661 860 1746; x_wconf 80' lang='lat' dir='ltr'>expetendam</span> <span class='ocrx_word' id='word_1_91' title='bbox 873 1661 1006 1745; x_wconf 81' lang='lat' dir='ltr'>gloriam</span> <span class='ocrx_word' id='word_1_92' title='bbox 1027 1683 1140 1728; x_wconf 84' lang='lat' dir='ltr'>eonse-</span> 
     </span>
     <span class='ocr_line' id='line_1_13' title="bbox 111 1779 1140 1872; baseline 0.001 -21"><span class='ocrx_word' id='word_1_93' title='bbox 111 1785 166 1872; x_wconf 89' lang='lat' dir='ltr'>qui</span> <span class='ocrx_word' id='word_1_94' title='bbox 180 1787 294 1870; x_wconf 76' lang='lat' dir='ltr'>potes?</span> <span class='ocrx_word' id='word_1_95' title='bbox 311 1785 405 1848; x_wconf 90' lang='lat' dir='ltr'>Vides</span> <span class='ocrx_word' id='word_1_96' title='bbox 419 1779 550 1847; x_wconf 79' lang='lat' dir='ltr'>habitari</span> <span class='ocrx_word' id='word_1_97' title='bbox 565 1783 597 1846; x_wconf 89' lang='lat' dir='ltr'>iu</span> <span class='ocrx_word' id='word_1_98' title='bbox 611 1789 692 1848; x_wconf 76' lang='lat' dir='ltr'>terrd</span> <span class='ocrx_word' id='word_1_99' title='bbox 707 1783 780 1848; x_wconf 82' lang='lat' dir='ltr'>raris</span> <span class='ocrx_word' id='word_1_100' title='bbox 793 1795 825 1848; x_wconf 89' lang='lat' dir='ltr'>et</span> <span class='ocrx_word' id='word_1_101' title='bbox 834 1783 976 1868; x_wconf 82' lang='lat' dir='ltr'>angustis</span> <span class='ocrx_word' id='word_1_102' title='bbox 992 1785 1024 1848; x_wconf 89' lang='lat' dir='ltr'>iu</span> <span class='ocrx_word' id='word_1_103' title='bbox 1041 1787 1140 1869; x_wconf 80' lang='lat' dir='ltr'>lonis3</span> 
     </span>
     <span class='ocr_line' id='line_1_14' title="bbox 113 1899 1145 1991; baseline 0.003 -20"><span class='ocrx_word' id='word_1_104' title='bbox 113 1917 149 1972; x_wconf 87' lang='lat' dir='ltr'>et</span> <span class='ocrx_word' id='word_1_105' title='bbox 164 1907 202 1970; x_wconf 57' lang='lat' dir='ltr'>‘ln</span> <span class='ocrx_word' id='word_1_106' title='bbox 223 1904 299 1991; x_wconf 86' lang='lat' dir='ltr'>ipsis</span> <span class='ocrx_word' id='word_1_107' title='bbox 315 1905 403 1991; x_wconf 81' lang='lat' dir='ltr'>qussi</span> <span class='ocrx_word' id='word_1_108' title='bbox 421 1906 563 1986; x_wconf 61' lang='lat' dir='ltr'>mensulis,</span> <span class='ocrx_word' id='word_1_109' title='bbox 583 1905 637 1970; x_wconf 90' lang='lat' dir='ltr'>ubi</span> <span class='ocrx_word' id='word_1_110' title='bbox 654 1905 821 1986; x_wconf 68' lang='lat' dir='ltr'>habitetur,</span> <span class='ocrx_word' id='word_1_111' title='bbox 841 1915 941 1971; x_wconf 73' lang='lat' dir='ltr'>vastas</span> <span class='ocrx_word' id='word_1_112' title='bbox 961 1899 1145 1975; x_wconf 74' lang='lat' dir='ltr'>solitudines</span> 
     </span>
     <span class='ocr_line' id='line_1_15' title="bbox 109 2023 1140 2112; baseline 0.003 -22"><span class='ocrx_word' id='word_1_113' title='bbox 109 2023 310 2112; x_wconf 78' lang='lat' dir='ltr'>interjectus:</span> <span class='ocrx_word' id='word_1_114' title='bbox 334 2026 466 2110; x_wconf 86' lang='lat' dir='ltr'>hosque,</span> <span class='ocrx_word' id='word_1_115' title='bbox 488 2025 543 2110; x_wconf 88' lang='lat' dir='ltr'>qui</span> <span class='ocrx_word' id='word_1_116' title='bbox 568 2025 714 2089; x_wconf 86' lang='lat' dir='ltr'>incolunt</span> <span class='ocrx_word' id='word_1_117' title='bbox 736 2036 860 2107; x_wconf 80' lang='lat' dir='ltr'>terram,</span> <span class='ocrx_word' id='word_1_118' title='bbox 886 2045 952 2090; x_wconf 89' lang='lat' dir='ltr'>non</span> <span class='ocrx_word' id='word_1_119' title='bbox 974 2025 1067 2092; x_wconf 81' lang='lat' dir='ltr'>modb</span> <span class='ocrx_word' id='word_1_120' title='bbox 1089 2027 1140 2094; x_wconf 91' lang='lat' dir='ltr'>in·</span> 
     </span>
     <span class='ocr_line' id='line_1_16' title="bbox 110 2141 1141 2232; baseline 0.008 -26"><span class='ocrx_word' id='word_1_121' title='bbox 110 2141 270 2232; x_wconf 63' lang='lat' dir='ltr'>terrulitos</span> <span class='ocrx_word' id='word_1_122' title='bbox 285 2144 329 2210; x_wconf 72' lang='lat' dir='ltr'>ita</span> <span class='ocrx_word' id='word_1_123' title='bbox 345 2163 423 2226; x_wconf 85' lang='lat' dir='ltr'>esse,·</span> <span class='ocrx_word' id='word_1_124' title='bbox 438 2154 476 2208; x_wconf 86' lang='lat' dir='ltr'>ut</span> <span class='ocrx_word' id='word_1_125' title='bbox 491 2144 571 2208; x_wconf 88' lang='lat' dir='ltr'>nihil</span> <span class='ocrx_word' id='word_1_126' title='bbox 595 2145 675 2209; x_wconf 85' lang='lat' dir='ltr'>inter</span> <span class='ocrx_word' id='word_1_127' title='bbox 690 2145 774 2232; x_wconf 86' lang='lat' dir='ltr'>ipsos</span> <span class='ocrx_word' id='word_1_128' title='bbox 789 2148 828 2210; x_wconf 86' lang='lat' dir='ltr'>ab</span> <span class='ocrx_word' id='word_1_129' title='bbox 844 2145 912 2211; x_wconf 79' lang='lat' dir='ltr'>&#39;aliis</span> <span class='ocrx_word' id='word_1_130' title='bbox 927 2147 1057 2212; x_wconf 75' lang='lat' dir='ltr'>adalim</span> <span class='ocrx_word' id='word_1_131' title='bbox 1073 2169 1141 2214; x_wconf 83' lang='lat' dir='ltr'>ma-</span> 
     </span>
     <span class='ocr_line' id='line_1_17' title="bbox 109 2263 1142 2353; baseline 0.002 -23"><span class='ocrx_word' id='word_1_132' title='bbox 109 2285 185 2330; x_wconf 81' lang='lat' dir='ltr'>nare</span> <span class='ocrx_word' id='word_1_133' title='bbox 199 2264 320 2350; x_wconf 61' lang='lat' dir='ltr'>possim</span> <span class='ocrx_word' id='word_1_134' title='bbox 342 2264 398 2328; x_wconf 87' lang='lat' dir='ltr'>sed</span> <span class='ocrx_word' id='word_1_135' title='bbox 421 2264 535 2348; x_wconf 77' lang='lat' dir='ltr'>partim</span> <span class='ocrx_word' id='word_1_136' title='bbox 555 2263 714 2350; x_wconf 86' lang='lat' dir='ltr'>obliquos,</span> <span class='ocrx_word' id='word_1_137' title='bbox 737 2264 851 2348; x_wconf 83' lang='lat' dir='ltr'>purtim</span> <span class='ocrx_word' id='word_1_138' title='bbox 874 2285 1007 2346; x_wconf 84' lang='lat' dir='ltr'>aversos,</span> <span class='ocrx_word' id='word_1_139' title='bbox 1028 2267 1142 2353; x_wconf 83' lang='lat' dir='ltr'>partim</span> 
     </span>
     <span class='ocr_line' id='line_1_18' title="bbox 109 2381 1142 2474; baseline 0.005 -24"><span class='ocrx_word' id='word_1_140' title='bbox 109 2386 207 2462; x_wconf 73' lang='lat' dir='ltr'>etium</span> <span class='ocrx_word' id='word_1_141' title='bbox 232 2387 375 2452; x_wconf 82' lang='lat' dir='ltr'>adversos</span> <span class='ocrx_word' id='word_1_142' title='bbox 399 2395 480 2450; x_wconf 82' lang='lat' dir='ltr'>stare</span> <span class='ocrx_word' id='word_1_143' title='bbox 504 2381 613 2466; x_wconf 72' lang='lat' dir='ltr'>robis3</span> <span class='ocrx_word' id='word_1_144' title='bbox 646 2387 800 2470; x_wconf 75' lang='lat' dir='ltr'>bquibus</span> <span class='ocrx_word' id='word_1_145' title='bbox 822 2398 985 2473; x_wconf 76' lang='lat' dir='ltr'>&#39;expectare</span> <span class='ocrx_word' id='word_1_146' title='bbox 1010 2390 1142 2474; x_wconf 80' lang='lat' dir='ltr'>glorium</span> 
     </span>
     <span class='ocr_line' id='line_1_19' title="bbox 107 2505 1140 2595; baseline -0.001 -19"><span class='ocrx_word' id='word_1_147' title='bbox 107 2511 194 2576; x_wconf 73' lang='lat' dir='ltr'>berte</span> <span class='ocrx_word' id='word_1_148' title='bbox 209 2511 328 2574; x_wconf 81' lang='lat' dir='ltr'>nullom</span> <span class='ocrx_word' id='word_1_149' title='bbox 342 2509 485 2594; x_wconf 86' lang='lat' dir='ltr'>potestis.</span> <span class='ocrx_word' id='word_1_150' title='bbox 518 2507 628 2572; x_wconf 86' lang='lat' dir='ltr'>Cernis</span> <span class='ocrx_word' id='word_1_151' title='bbox 641 2505 748 2572; x_wconf 82' lang='lat' dir='ltr'>antem</span> <span class='ocrx_word' id='word_1_152' title='bbox 764 2517 877 2572; x_wconf 81' lang='lat' dir='ltr'>terram</span> <span class='ocrx_word' id='word_1_153' title='bbox 892 2510 1034 2590; x_wconf 85' lang='lat' dir='ltr'>eandem,</span> <span class='ocrx_word' id='word_1_154' title='bbox 1050 2511 1140 2595; x_wconf 81' lang='lat' dir='ltr'>quasi</span> 
     </span>
     <span class='ocr_line' id='line_1_20' title="bbox 107 2626 1162 2717; baseline 0.001 -22"><span class='ocrx_word' id='word_1_155' title='bbox 107 2629 298 2717; x_wconf 79' lang='lat' dir='ltr'>quibusdam</span> <span class='ocrx_word' id='word_1_156' title='bbox 319 2627 495 2692; x_wconf 78' lang='lat' dir='ltr'>redimitam</span> <span class='ocrx_word' id='word_1_157' title='bbox 518 2635 551 2691; x_wconf 87' lang='lat' dir='ltr'>et</span> <span class='ocrx_word' id='word_1_158' title='bbox 573 2626 789 2692; x_wconf 79' lang='lat' dir='ltr'>circundatam</span> <span class='ocrx_word' id='word_1_159' title='bbox 805 2628 964 2712; x_wconf 81' lang='lat' dir='ltr'>cingulis:</span> <span class='ocrx_word' id='word_1_160' title='bbox 988 2631 1137 2714; x_wconf 79' lang='lat' dir='ltr'>equibus</span> <span class='ocrx_word' id='word_1_161' title='bbox 1155 2696 1162 2704; x_wconf 83' lang='grc'><strong>,</strong></span> 
     </span>
     <span class='ocr_line' id='line_1_21' title="bbox 105 2729 1138 2836; baseline -0.002 -18"><span class='ocrx_word' id='word_1_162' title='bbox 105 2753 187 2818; x_wconf 83' lang='lat' dir='ltr'>duos</span> <span class='ocrx_word' id='word_1_163' title='bbox 201 2750 338 2836; x_wconf 67' lang='lat' dir='ltr'>menime</span> <span class='ocrx_word' id='word_1_164' title='bbox 353 2749 436 2814; x_wconf 90' lang='lat' dir='ltr'>inter</span> <span class='ocrx_word' id='word_1_165' title='bbox 450 2769 483 2812; x_wconf 87' lang='lat' dir='ltr'>se</span> <span class='ocrx_word' id='word_1_166' title='bbox 498 2729 648 2824; x_wconf 76' lang='lat' dir='ltr'>diversm,</span> <span class='ocrx_word' id='word_1_167' title='bbox 671 2757 703 2810; x_wconf 84' lang='lat' dir='ltr'>et</span> <span class='ocrx_word' id='word_1_168' title='bbox 725 2747 799 2810; x_wconf 84' lang='lat' dir='ltr'>eoeli</span> <span class='ocrx_word' id='word_1_169' title='bbox 822 2748 993 2812; x_wconf 87' lang='lat' dir='ltr'>verticibus</span> <span class='ocrx_word' id='word_1_170' title='bbox 1010 2749 1085 2832; x_wconf 89' lang='lat' dir='ltr'>ipsis</span> <span class='ocrx_word' id='word_1_171' title='bbox 1098 2771 1138 2816; x_wconf 83' lang='lat' dir='ltr'>ex</span> 
     </span>
     <span class='ocr_line' id='line_1_22' title="bbox 106 2869 1139 2959; baseline -0.001 -20"><span class='ocrx_word' id='word_1_172' title='bbox 106 2877 240 2959; x_wconf 64' lang='lat' dir='ltr'>subque</span> <span class='ocrx_word' id='word_1_173' title='bbox 260 2883 348 2958; x_wconf 77' lang='lat' dir='ltr'>parte</span> <span class='ocrx_word' id='word_1_174' title='bbox 362 2871 524 2950; x_wconf 87' lang='lat' dir='ltr'>subnixos,</span> <span class='ocrx_word' id='word_1_175' title='bbox 537 2869 712 2954; x_wconf 82' lang='lat' dir='ltr'>obriguisse</span> <span class='ocrx_word' id='word_1_176' title='bbox 732 2869 845 2954; x_wconf 81' lang='lat' dir='ltr'>pruind</span> <span class='ocrx_word' id='word_1_177' title='bbox 866 2869 976 2936; x_wconf 82' lang='lat' dir='ltr'>vides:</span> <span class='ocrx_word' id='word_1_178' title='bbox 999 2869 1139 2939; x_wconf 86' lang='lat' dir='ltr'>m&#39;edium</span> 
     </span>
     <span class='ocr_line' id='line_1_23' title="bbox 105 2979 1138 3074; baseline 0.001 -13"><span class='ocrx_word' id='word_1_179' title='bbox 105 2979 215 3074; x_wconf 72' lang='lat' dir='ltr'>autem</span> <span class='ocrx_word' id='word_1_180' title='bbox 230 2993 322 3058; x_wconf 91' lang='lat' dir='ltr'>illum</span> <span class='ocrx_word' id='word_1_181' title='bbox 337 3004 369 3058; x_wconf 91' lang='lat' dir='ltr'>et</span> <span class='ocrx_word' id='word_1_182' title='bbox 389 2992 562 3057; x_wconf 80' lang='lat' dir='ltr'>maximum</span> <span class='ocrx_word' id='word_1_183' title='bbox 585 2991 660 3056; x_wconf 88' lang='lat' dir='ltr'>solis</span> <span class='ocrx_word' id='word_1_184' title='bbox 683 2991 791 3056; x_wconf 78' lang='lat' dir='ltr'>ardore</span> <span class='ocrx_word' id='word_1_185' title='bbox 807 2992 926 3058; x_wconf 85' lang='lat' dir='ltr'>torreri.</span> <span class='ocrx_word' id='word_1_186' title='bbox 970 2993 1047 3060; x_wconf 91' lang='lat' dir='ltr'>Duo</span> <span class='ocrx_word' id='word_1_187' title='bbox 1062 3005 1138 3062; x_wconf 89' lang='lat' dir='ltr'>sunt</span> 
     </span>
     <span class='ocr_line' id='line_1_24' title="bbox 108 3107 1140 3200; baseline 0.002 -18"><span class='ocrx_word' id='word_1_188' title='bbox 108 3107 318 3184; x_wconf 65' lang='lat' dir='ltr'>habitabiles:</span> <span class='ocrx_word' id='word_1_189' title='bbox 343 3134 489 3200; x_wconf 87' lang='lat' dir='ltr'>quorum,</span> <span class='ocrx_word' id='word_1_190' title='bbox 512 3113 655 3178; x_wconf 81' lang='lat' dir='ltr'>australis</span> <span class='ocrx_word' id='word_1_191' title='bbox 678 3107 742 3193; x_wconf 83' lang='lat' dir='ltr'>ille,</span> <span class='ocrx_word' id='word_1_192' title='bbox 763 3113 795 3178; x_wconf 90' lang='lat' dir='ltr'>in</span> <span class='ocrx_word' id='word_1_193' title='bbox 816 3137 880 3200; x_wconf 91' lang='lat' dir='ltr'>quo</span> <span class='ocrx_word' id='word_1_194' title='bbox 901 3115 955 3200; x_wconf 86' lang='lat' dir='ltr'>qui</span> <span class='ocrx_word' id='word_1_195' title='bbox 976 3117 1140 3200; x_wconf 83' lang='lat' dir='ltr'>insistunt,</span> 
     </span>
    </p>
   </div>
   <div class='ocr_carea' id='block_1_3' title="bbox 105 3235 1252 3322">
    <p class='ocr_par' dir='ltr' id='par_1_3' title="bbox 105 3235 1252 3322">
     <span class='ocr_line' id='line_1_25' title="bbox 105 3235 1252 3322; baseline -0.001 -16"><span class='ocrx_word' id='word_1_196' title='bbox 105 3237 334 3306; x_wconf 77' lang='lat' dir='ltr'>sdversa&#39;vobis</span> <span class='ocrx_word' id='word_1_197' title='bbox 348 3247 463 3320; x_wconf 87' lang='lat' dir='ltr'>urgent</span> <span class='ocrx_word' id='word_1_198' title='bbox 474 3235 616 3321; x_wconf 82' lang='lat' dir='ltr'>vestigia,</span> <span class='ocrx_word' id='word_1_199' title='bbox 632 3235 710 3300; x_wconf 91' lang='lat' dir='ltr'>nihil</span> <span class='ocrx_word' id='word_1_200' title='bbox 725 3235 764 3299; x_wconf 80' lang='lat' dir='ltr'>nd</span> <span class='ocrx_word' id='word_1_201' title='bbox 777 3249 916 3302; x_wconf 88' lang='lat' dir='ltr'>vestrum</span> <span class='ocrx_word' id='word_1_202' title='bbox 932 3255 1044 3322; x_wconf 81' lang='lat' dir='ltr'>genus.</span> <span class='ocrx_word' id='word_1_203' title='bbox 1074 3239 1141 3306; x_wconf 83' lang='lat' dir='ltr'>Hie</span> <span class='ocrx_word' id='word_1_204' title='bbox 1250 3250 1252 3253; x_wconf 84' lang='grc'><strong>’</strong></span> 
     </span>
    </p>
   </div>
   <div class='ocr_carea' id='block_1_4' title="bbox 107 3355 1145 3692">
    <p class='ocr_par' dir='ltr' id='par_1_4' title="bbox 107 3355 1145 3692">
     <span class='ocr_line' id='line_1_26' title="bbox 112 3355 1142 3444; baseline 0.001 -19"><span class='ocrx_word' id='word_1_205' title='bbox 112 3369 222 3426; x_wconf 79' lang='lat' dir='ltr'>nutem</span> <span class='ocrx_word' id='word_1_206' title='bbox 232 3359 311 3424; x_wconf 79' lang='lat' dir='ltr'>alter</span> <span class='ocrx_word' id='word_1_207' title='bbox 321 3355 482 3443; x_wconf 83' lang='lat' dir='ltr'>subjectus</span> <span class='ocrx_word' id='word_1_208' title='bbox 498 3355 649 3442; x_wconf 82' lang='lat' dir='ltr'>aquiloni,</span> <span class='ocrx_word' id='word_1_209' title='bbox 660 3379 756 3442; x_wconf 88' lang='lat' dir='ltr'>quern</span> <span class='ocrx_word' id='word_1_210' title='bbox 771 3357 920 3438; x_wconf 70' lang='lat' dir='ltr'>incolitis,</span> <span class='ocrx_word' id='word_1_211' title='bbox 930 3380 1034 3440; x_wconf 87' lang='lat' dir='ltr'>cerne,</span> <span class='ocrx_word' id='word_1_212' title='bbox 1046 3363 1142 3444; x_wconf 80' lang='lat' dir='ltr'>quim</span> 
     </span>
     <span class='ocr_line' id='line_1_27' title="bbox 111 3477 1145 3566; baseline -0.002 -16"><span class='ocrx_word' id='word_1_213' title='bbox 111 3481 203 3550; x_wconf 86' lang='lat' dir='ltr'>tenui</span> <span class='ocrx_word' id='word_1_214' title='bbox 221 3489 277 3546; x_wconf 81' lang='lat' dir='ltr'>&#39;ros</span> <span class='ocrx_word' id='word_1_215' title='bbox 299 3491 385 3566; x_wconf 80' lang='lat' dir='ltr'>porte</span> <span class='ocrx_word' id='word_1_216' title='bbox 403 3479 577 3564; x_wconf 81' lang='lat' dir='ltr'>contingat.</span> <span class='ocrx_word' id='word_1_217' title='bbox 621 3477 736 3543; x_wconf 86' lang='lat' dir='ltr'>Omnis</span> <span class='ocrx_word' id='word_1_218' title='bbox 757 3479 842 3543; x_wconf 89' lang='lat' dir='ltr'>enim</span> <span class='ocrx_word' id='word_1_219' title='bbox 864 3490 955 3559; x_wconf 82' lang='lat' dir='ltr'>terra,</span> <span class='ocrx_word' id='word_1_220' title='bbox 973 3501 1044 3566; x_wconf 84' lang='lat' dir='ltr'>quae</span> <span class='ocrx_word' id='word_1_221' title='bbox 1064 3483 1145 3548; x_wconf 88' lang='lat' dir='ltr'>coli·</span> 
     </span>
     <span class='ocr_line' id='line_1_28' title="bbox 107 3600 1140 3692; baseline -0.012 -20"><span class='ocrx_word' id='word_1_222' title='bbox 107 3609 190 3672; x_wconf 73' lang='lat' dir='ltr'>turb</span> <span class='ocrx_word' id='word_1_223' title='bbox 201 3605 301 3686; x_wconf 86' lang='lat' dir='ltr'>vobis,</span> <span class='ocrx_word' id='word_1_224' title='bbox 311 3613 447 3690; x_wconf 78' lang='lat' dir='ltr'>anguste</span> <span class='ocrx_word' id='word_1_225' title='bbox 461 3601 642 3682; x_wconf 86' lang='lat' dir='ltr'>verticibus,</span> <span class='ocrx_word' id='word_1_226' title='bbox 658 3600 808 3668; x_wconf 81' lang='lat' dir='ltr'>lateribus</span> <span class='ocrx_word' id='word_1_227' title='bbox 823 3601 924 3683; x_wconf 86' lang='lat' dir='ltr'>latior,</span> <span class='ocrx_word' id='word_1_228' title='bbox 946 3625 1040 3690; x_wconf 76' lang='lat' dir='ltr'>parva</span> <span class='ocrx_word' id='word_1_229' title='bbox 1051 3627 1140 3692; x_wconf 77' lang='lat' dir='ltr'>quae.</span> 
     </span>
    </p>
   </div>
   <div class='ocr_carea' id='block_1_5' title="bbox 106 3722 1139 3912">
    <p class='ocr_par' dir='ltr' id='par_1_5' title="bbox 106 3722 1139 3912">
     <span class='ocr_line' id='line_1_29' title="bbox 106 3722 1139 3813; baseline 0.001 -19"><span class='ocrx_word' id='word_1_230' title='bbox 106 3725 182 3794; x_wconf 71' lang='lat' dir='ltr'>dam</span> <span class='ocrx_word' id='word_1_231' title='bbox 205 3725 309 3792; x_wconf 76' lang='lat' dir='ltr'>insula</span> <span class='ocrx_word' id='word_1_232' title='bbox 331 3735 391 3806; x_wconf 87' lang='lat' dir='ltr'>est,</span> <span class='ocrx_word' id='word_1_233' title='bbox 414 3723 607 3790; x_wconf 82' lang='lat' dir='ltr'>circumfusa</span> <span class='ocrx_word' id='word_1_234' title='bbox 629 3723 684 3788; x_wconf 89' lang='lat' dir='ltr'>illo</span> <span class='ocrx_word' id='word_1_235' title='bbox 708 3722 798 3808; x_wconf 75' lang='lat' dir='ltr'>meri,</span> <span class='ocrx_word' id='word_1_236' title='bbox 820 3723 906 3809; x_wconf 88' lang='lat' dir='ltr'>quod</span> <span class='ocrx_word' id='word_1_237' title='bbox 920 3723 1139 3813; x_wconf 65' lang='lat' dir='ltr'>Atlanticum,</span> 
     </span>
     <span class='ocr_line' id='line_1_30' title="bbox 597 3845 662 3912; baseline -0.046 0"><span class='ocrx_word' id='word_1_238' title='bbox 597 3845 627 3912; x_wconf 89' lang='lat' dir='ltr'>T</span> <span class='ocrx_word' id='word_1_239' title='bbox 644 3855 662 3909; x_wconf 75' lang='lat'>2</span> 
     </span>
    </p>
   </div>
   <div class='ocr_carea' id='block_1_6' title="bbox 0 0 1380 4510">
    <p class='ocr_par' dir='ltr' id='par_1_6' title="bbox 0 0 1380 4510">
     <span class='ocr_line' id='line_1_31' title="bbox 0 0 1380 4510; baseline 0 4"><span class='ocrx_word' id='word_1_240' title='bbox 0 0 1380 4510; x_wconf 95' lang='lat' dir='ltr'> </span> 
     </span>
    </p>
   </div>
  </div>
 </body>
</html>
