2750 4510
498 289 551 357 Ee
573 287 705 357 ululo,
1058 293 1118 369 147

131 460 229 530 Forte
245 459 272 528 is
287 463 410 548 integer
423 464 496 546 luit,
511 475 548 530 ut
562 465 715 530 universis
737 467 825 530 solus
838 483 1035 550 nequaquam
1051 484 1119 549 par,
1147 487 1152 500 ¹

87 585 135 652 sie
150 585 301 652 adversus
315 587 458 672 singulos
473 589 574 652 ferox.
618 587 717 672 Ergo,
731 596 768 652 ut
788 597 965 672 segregaret
979 608 1121 673 pugnam

87 729 215 789 eorum,
231 709 367 794 capessit
387 711 506 793 fugam,
528 711 572 774 ita
594 719 680 776 ratus
703 721 879 791 secuturos,
901 719 937 774 ut
961 730 1120 794 quemque

87 835 223 897 vulnere
239 833 385 896 affectum
403 853 518 916 corpus
540 831 667 896 sineret.
712 831 786 897 Jam
807 831 1003 916 aliquantum
1030 829 1123 915 spatii

87 977 131 1018 ex
147 976 187 1018 eo
201 955 286 1031 loeo,
300 955 356 1018 ubi
371 965 548 1039 pugnatum
564 963 624 1034 est,
639 937 817 1038 aufugerat,
838 973 938 1039 quum
953 951 1125 1040 respiciens

87 1076 180 1142 videt
193 1075 317 1160 magnis
333 1075 503 1142 intervallis
525 1089 693 1163 sequentes
706 1101 716 1156 3
744 1099 845 1142 unum
860 1077 944 1141 lraud
959 1077 1123 1162 proculab

88 1221 162 1266 sese
177 1201 296 1265 abesse.
341 1199 378 1264 ln
394 1223 465 1264 eum
483 1223 599 1285 magno
613 1201 734 1286 impetu
749 1201 839 1266 redit.
873 1200 917 1264 Et
932 1201 1008 1264 dum
1024 1199 1123 1264 Alba-

10 1323 12 1372 l
88 1345 155 1388 nus
179 1321 335 1387 exercitus
360 1321 510 1387 inclamat
533 1321 691 1402 Curiatiis,
717 1333 754 1387 ut
779 1343 881 1408 opem.
897 1325 999 1388 serant
1024 1323 1125 1404 fratri,

83 1443 158 1534 jam
175 1441 338 1526 Horatius,
354 1465 437 1511 creso
452 1447 544 1509 hoste
560 1445 670 1525 vietor,
686 1445 857 1510 secundam
873 1467 1012 1530 pugnam
1034 1420 1124 1531 pete!-

91 1570 161 1632 bat.
203 1567 289 1631 Tum
305 1569 453 1646 clamore,
470 1565 572 1650 qualis
595 1588 634 1630 ex
648 1565 807 1652 insperato
832 1567 1004 1630 faventium
1032 1555 1125 1649 solet',

90 1691 234 1756 Romani
256 1689 405 1776 adjuvant
429 1689 564 1753 militem
583 1711 701 1769 suum;
725 1701 758 1754 et
781 1689 835 1754 ille
857 1691 988 1776 defungi
1014 1691 1125 1776 praelio

93 1813 239 1878 festinat.
285 1813 375 1878 Prius
391 1813 497 1898 itaque
512 1815 608 1898 quam
626 1811 717 1892 alter,
733 1813 788 1898 qui
804 1835 862 1878 nec
877 1815 988 1899 procul
1011 1816 1129 1896 aberat,

91 1909 249 2024 consequi
264 1945 383 2022 posset,
407 1945 439 1999 et
463 1938 597 2000 alterum
613 1935 791 2000 Curiatium
807 1935 946 2001 conficit.
989 1935 1128 2024 Jamque'

94 2071 225 2147 aequato
240 2059 346 2124 Marte
361 2058 478 2144 singuli
496 2067 689 2144 supererant,
705 2057 760 2124 sed
776 2081 833 2125 nee
858 2081 915 2146 spe
930 2082 990 2126 nee
1009 2061 1129 2128 viribus

92 2207 198 2274 pares.

139 2307 296 2385 Alterum,
304 2301 460 2368 intactum
473 2305 555 2368 ferro
570 2325 696 2391 eorpus,
707 2316 738 2370 et
753 2305 913 2390 geminata
927 2307 1066 2390 victoria,
1078 2311 1127 2374 l'e-

90 2451 202 2498 rocem
216 2429 250 2494 in
266 2439 424 2496 certamen
440 2429 567 2494 tertium
583 2429 715 2493 dabant:
742 2431 830 2512 alter,
844 2433 960 2494 fessum
984 2433 1127 2514 vulnere,

94 2555 219 2620 fessum
242 2573 338 2616 cursu
362 2551 490 2616 trahens
510 2571 638 2635 corpus,
657 2549 823 2634 vietusque
851 2551 979 2614 fratrum
1003 2562 1076 2616 ante
1098 2573 1132 2618 se

95 2687 215 2758 strage,
234 2674 347 2739 victori
376 2671 524 2760 abjicitur
550 2672 646 2736 hosti.
691 2671 762 2736 Nec
788 2673 867 2734 illud
882 2671 1025 2757 praelium
1057 2673 1129 2739 fuit.

94 2799 263 2865 Romanus
278 2799 435 2876 exultans,
459 2795 559 2874 Duos,
574 2794 691 2880 inquit,
705 2791 845 2876 frarann
872 2795 1018 2860 Manibus
1038 2795 1129 2862 dedi.-

93 2922 229 3002 terta'um,
251 2941 352 2986 cature
372 2919 443 2984 belli
463 2917 595 3004 agatae,
617 2927 651 2981 ut
673 2917 833 2982 Ronanus
855 2917 974 2984 Albano
995 2919 1132 3006 imperet,

97 3043 193 3110 dato.
236 3039 325 3106 Male
341 3039 510 3106 sustinenti
527 3061 623 3120 arma,
639 3039 780 3124 gladium
797 3044 932 3125 superne
942 3038 1059 3127 jugulo
1077 3041 1133 3108 de-

101 3161 197 3248 ligit3
215 3159 377 3249 jacentem
403 3161 530 3246 spoliat.
575 3159 714 3224 Romani
737 3171 866 3224 ovantes
883 3181 919 3226 ae
941 3163 1135 3245 gratulantes

100 3284 277 3356 Horatium
297 3283 477 3371 accipiunt3
501 3285 539 3350 eu
564 3280 683 3370 majore
703 3305 775 3346 eum
793 3283 923 3368 gaudio,
948 3286 1011 3368 qut
1037 3287 1135 3370 prope

100 3415 226 3472 metum
246 3427 297 3470 res
321 3408 434 3470 luerat.
480 3405 530 3470 Ad
545 3407 740 3490 sepulturam
763 3405 837 3468 inde
862 3427 989 3470 suorum
1013 3425 1135 3492 nequa-

103 3549 201 3617 quam
223 3527 358 3616 paribus
384 3525 498 3592 animis
535 3537 712 3609 vertuntur,
749 3527 867 3614 quippe
895 3527 1027 3612 imperio
1049 3530 1137 3594 alteri

102 3651 201 3732 aucti,
224 3651 314 3717 alteri
336 3649 465 3716 ditionis
487 3649 600 3718 alienoe
621 3649 708 3714 faeti.
753 3651 906 3738 Sepulera
926 3659 1046 3733 estant,
1072 3675 1138 3740 quo

104 3773 240 3862 quisque
269 3773 342 3840 loeo
368 3773 493 3840 cecidit.
537 3771 615 3864 Duo
645 3771 789 3838 Romana
811 3793 877 3838 uno
907 3775 979 3840 loeo
1008 3775 1137 3864 propius

592 3893 622 3958 U
639 3903 659 3958 2
