2724 4494
237 261 303 322 aro
592 249 647 316 n:
667 247 719 314 tt.
741 239 936 314 tumulo

240 397 446 510 Scipionibus
472 421 605 510 aliisque
628 421 788 488 veteribus
811 419 1029 486 Romanorum
1046 417 1172 484 ducum
1190 419 1293 506 quid-

240 571 336 636 quam
361 567 475 614 ausum
498 555 721 636 patratumque
743 545 868 624 fortius,
892 547 988 630 qnbnr
1004 549 1116 608 tunca
1139 543 1295 608 Caesare.

240 673 369 762 Quippe
384 675 457 738 cum
470 669 600 738 inermis
613 681 645 736 et
660 673 837 736 lacernatus
852 677 947 748 esset,
962 677 1078 754 praeter
1094 689 1226 732 nornen
1243 669 1294 731 ui-

241 795 286 862 bil
311 795 449 876 trahens,
477 794 638 880 ingressus
664 801 767 858 castra
780 790 907 878 Lepidi,
932 789 1070 868 evitatis,
1087 811 1164 874 qnae
1184 787 1295 874 jussu

243 917 380 998 bominis
406 915 582 1004 pravissimi
608 917 669 980 tela
693 915 726 978 in
753 935 826 978 cum
838 912 926 1000 jacta
941 922 1040 993 crant,
1061 911 1138 976 curn
1156 913 1295 977 lacerna

241 1039 310 1128 ejus
327 1041 481 1126 perforata
496 1047 580 1104 esset
594 1040 715 1116 lancta,
731 1037 867 1124 aquilam
890 1035 1025 1120 legionis
1047 1055 1161 1120 rapere
1184 1056 1291 1100 ausus

242 1173 303 1228 cst.
343 1163 448 1228 Scires
463 1161 538 1248 quid
554 1161 721 1227 interesset
736 1161 818 1224 inter
833 1157 940 1223 duces.
974 1159 1098 1224 Armati
1121 1157 1288 1223 inermem
1346 1103 1347 1196 i

241 1285 342 1352 secuti
358 1295 450 1350 sunt:
474 1283 661 1370 decimoque
675 1303 771 1362 anno,
783 1285 879 1370 quam
891 1279 929 1346 ad
941 1279 1195 1346 dissimillimam
1210 1283 1288 1344 vitae

243 1427 310 1474 sure
325 1407 500 1496 potentiam
515 1415 700 1496 pervenerat
716 1403 866 1492 Lepidus,
883 1411 916 1466 et
930 1401 1116 1466 imilitibus
1130 1415 1167 1465 et
1183 1405 1202 1464 a
1219 1405 1289 1466 sor-

243 1537 320 1598 tnnl
343 1533 497 1612 desertus,
521 1533 673 1618 pulloque
698 1531 820 1593 rclotus
845 1527 995 1606 amiculo,
1019 1527 1103 1590 inter
1130 1527 1288 1592 ultimam

243 1655 473 1724 confluentium
486 1655 526 1720 ad
538 1653 695 1720 Caesarem
712 1653 838 1718 turbam
853 1653 967 1731 latens,
982 1651 1118 1737 genibus
1135 1649 1213 1731 cius
1229 1653 1287 1718 ad·
1347 1645 1348 1656 ἶ

244 1783 445 1846 volutusest.
481 1777 555 1844 Vita
574 1797 742 1864 rerumque
767 1797 894 1841 suarum
919 1775 1094 1840 dominium
1123 1797 1286 1843 concessa

242 1901 272 1968 ei
288 1913 382 1970 sunt:
407 1899 552 1988 spoliata,
566 1919 662 1992 quarn
679 1897 760 1966 tueri
776 1919 842 1964 non
856 1907 992 1990 poterat,
1009 1897 1161 1986 dignitas.

610 2187 729 2275 Pugno
750 2187 915 2254 Acrracn.

283 2383 408 2452 Curare
428 2382 543 2450 deinde
569 2391 602 2450 et
630 2381 769 2450 Messua
794 2383 932 2451 Corvino
955 2381 1052 2469 Coss.
1074 2385 1275 2453 debellatum

242 2509 326 2596 apud
346 2507 499 2588 Actium
521 2506 588 2588 ubi,
612 2509 707 2592 longe
724 2509 912 2594 antiquior
924 2506 1137 2590 dimicaretur,
1163 2495 1278 2598 Explo-
1349 2475 1350 2492 χ

241 2631 398 2706 ratissima
424 2629 626 2698 Julianarum
652 2631 791 2716 partium
817 2631 881 2698 fuit
903 2631 1041 2698 victorie.
1079 2631 1220 2720 vigebat
1245 2637 1276 2700 in

237 2739 304 2820 luc
326 2762 414 2840 parte
436 2751 528 2818 miles
551 2759 647 2838 atque
667 2750 852 2838 imperator,
878 2751 933 2818 itta
955 2754 1138 2818 marcebant
1153 2756 1277 2820 omnin.

245 2873 482 2960 Hinoremiges
496 2873 681 2956 firmissimi,
702 2873 792 2940 illinc
817 2873 923 2962 inopia
947 2875 1161 2942 adientissimi.
1206 2879 1278 2944 Na·

163 2985 167 2998 ’
245 2997 333 3062 cium
348 2996 407 3062 bic
422 2995 609 3081 magnitudo
624 2995 762 3078 modica,
781 3017 841 3064 nec
861 2997 1015 3084 celeritati
1028 2999 1178 3080 adversa;
1200 3001 1276 3068 ittae

244 3118 350 3212 specie
373 3117 555 3188 terribilior.
600 3119 689 3185 Hinc
717 3119 755 3184 ad
778 3119 956 3186 Antonium
985 3141 1091 3204 nemo,
1119 3123 1209 3190 illinc
1235 3127 1275 3190 ad

244 3245 402 3316 Cesaram
415 3241 557 3334 quotidie
572 3243 691 3332 aliquid
707 3244 947 3330 transfugiebat.
990 3245 1142 3333 Denique
1164 3249 1199 3314 in
1218 3271 1271 3314 ore

244 3377 340 3456 atque
355 3365 458 3434 oculis
472 3365 665 3432 Antonianae
686 3365 794 3432 classis
816 3387 873 3454 per
887 3367 938 3436 M.
952 3368 1125 3456 Agrippam
1152 3373 1276 3438 leucas

245 3479 436 3576 expugnata,
453 3487 554 3554 Patrae
570 3497 685 3576 captae,
702 3487 876 3556 Corinthus
890 3503 1054 3579 occupata,
1069 3495 1119 3560 bis
1133 3507 1211 3564 aute
1226 3500 1275 3562 ul·

245 3609 361 3678 timum
374 3611 543 3680 discrimen
558 3611 668 3678 classis
684 3611 826 3680 bostium
839 3625 994 3700 superata.
1053 3641 1063 3660 ·

288 3731 427 3798 Advenit
455 3731 570 3800 deinde
597 3732 727 3802 maximi
748 3733 939 3824 discriminis
963 3735 1043 3820 dies,
1072 3759 1138 3825 quo
1169 3742 1273 3810 Caso

243 3853 467 3944 Antoniusque
490 3855 653 3946 productis
676 3855 849 3942 classibus,
863 3879 922 3948 pro
935 3859 1037 3926 salute
1051 3861 1143 3946 alter,
1158 3863 1193 3930 io
1208 3866 1269 3934 mi.
