2750 4510
263 251 321 312 tul
666 249 721 312 En·
742 247 874 314 LlVlO.

259 415 512 501 solvo,supplirio
536 420 773 500 raoulittero,nec
796 421 861 486 ullo
882 419 1290 508 munumentum-

259 539 311 601 tiu
322 539 457 622 euernplo
468 541 557 608 vicet.
602 541 760 620 Cultrum,
784 561 879 626 quern
894 542 953 606 sub
969 549 1055 604 veste
1068 539 1213 608 abditum
1227 540 1289 606 ha-

255 663 362 742 bebat,
384 683 458 730 eum
479 662 513 726 in
529 663 621 730 corde
644 663 773 748 defigit3
796 653 1003 750 prolapsaque
1019 663 1052 728 in
1066 665 1196 744 vulnus,
1212 683 1288 730 mo-

253 783 388 878 ribunda
400 785 526 850 cecidit.
571 786 781 852 Conclamant
797 785 844 848 vir
857 797 1023 873 paterque.

298 907 430 984 Brutus,
444 905 506 972 illis
522 908 611 972 luctu
625 907 798 994 occupatio
812 909 950 972 cultrum
966 927 1005 974 ex
1019 905 1149 972 vulnere
1161 905 1285 972 Luere-

255 1037 309 1104 tiae
321 1047 495 1102 extractum
512 1049 692 1102 manantem
708 1059 817 1103 cruore
830 1059 896 1123 praa
909 1057 942 1101 se
958 1045 1081 1115 tenens,
1104 1035 1169 1100 Per
1197 1035 1288 1115 tuac,

256 1161 370 1248 inquit,
393 1161 592 1226 cmmstmum
613 1171 685 1226 oute
705 1161 824 1246 regium
845 1157 988 1244 iujuriam
1001 1158 1182 1244 sanguinem
1191 1155 1283 1242 juro,

251 1313 372 1378 nosque,
395 1291 464 1370 Dii,
488 1301 577 1356 testes
599 1289 699 1373 socio,
732 1311 780 1356 me
803 1289 843 1354 L.
871 1289 1072 1374 Tarquinium
1101 1285 1284 1370 &pubem

254 1437 322 1486 utne
335 1417 483 1482 securata
496 1415 626 1504 conjunge·
653 1427 683 1480 ct
703 1418 785 1482 omni
799 1417 953 1481 liberonrru
967 1416 1072 1499 stirpe,
1087 1411 1189 1500 suro,
1208 1416 1287 1503 igni,

253 1539 428 1628 quocunque
450 1541 555 1606 delunc
579 1543 610 1606 ui
632 1543 756 1625 poesim
795 1549 1025 1606 exsecuturum:
1048 1559 1101 1604 nec
1125 1539 1208 1618 illos,
1231 1561 1287 1604 racc

254 1661 348 1730 atum
362 1685 530 1751 quenquam
543 1685 673 1748 regnare
688 1661 798 1728 Romu
809 1683 984 1745 pessumam.
1008 1661 1155 1726 Cultnrm
1170 1659 1287 1726 deiude

253 1787 414 1852 Collatino
443 1785 560 1865 tradit3
588 1785 661 1852 inde
684 1785 835 1851 Lucretio
860 1807 897 1852 ac
921 1785 1058 1865 Valerio,
1082 1783 1288 1870 stupentibus

253 1907 404 1972 miraculo
427 1905 482 1984 rei,
498 1907 582 1972 uude
598 1927 717 1971 novum
730 1905 763 1972 iu
778 1905 872 1972 Bruti
885 1915 1012 1998 pectore
1026 1904 1205 1990 ingenium.
1238 1905 1285 1970 Ut
1367 1987 1368 2012 χ

251 2037 447 2114 praeceptum
470 2035 546 2106 erat,
565 2025 695 2126 jurant:
718 2027 841 2114 totique
867 2029 906 2094 ab
921 2031 1010 2094 luctu
1031 2026 1112 2092 uersi
1135 2025 1169 2090 in
1193 2025 1287 2108 irum,

251 2147 388 2216 Brutum
413 2149 481 2234 jam
507 2147 579 2214 inde
607 2149 646 2216 ad
670 2149 919 2235 expugnandum
956 2169 1089 2232 regnum
1114 2157 1287 2214 vocantem

250 2281 428 2356 sequuntur
459 2271 584 2338 ducem.
628 2269 760 2338 Elatum
789 2271 885 2336 domo
913 2270 1070 2338 Lucretius
1101 2292 1215 2356 corpus
1250 2269 1285 2336 iu

250 2393 355 2462 iorum
381 2392 536 2473 deienmt,
561 2393 770 2478 concientque
794 2391 959 2474 miraculo,
985 2403 1022 2460 ut
1046 2392 1094 2473 fut,
1119 2391 1165 2460 rei
1188 2415 1285 2458 uum

250 2523 345 2600 utque
361 2515 548 2600 indignitate
564 2517 732 2584 homines:
756 2538 814 2603 pro
829 2539 863 2582 se
878 2517 1011 2604 quisque
1031 2517 1133 2582 scelus
1157 2515 1285 2602 reglum
1366 2599 1367 2610 ἵ

250 2661 287 2712 uc
301 2639 366 2704 vim
381 2649 569 2726 queruntur.

292 2765 404 2830 Movet
419 2774 487 2830 tum
502 2761 600 2848 patris
617 2763 784 2844 moestitia2
800 2773 872 2828 tum
900 2761 1032 2843 Brutus,
1052 2761 1222 2848 castigator
1232 2763 1284 2827 la·

248 2907 425 2971 crymarum
452 2897 547 2969 atquc
583 2885 732 2952 inertium
760 2885 971 2972 querelarum,
995 2893 1168 2970 auctorque
1193 2885 1281 2970 quod

246 3007 341 3087 viros,
353 3009 435 3090 quod
452 3007 614 3074 Romanos
626 3009 763 3086 deceret,
776 3022 867 3074 arula
876 3007 1021 3092 mpiendi
1035 3007 1183 3072 adversm
1198 3007 1278 3072 hoe·

245 3129 313 3196 tilia
336 3149 441 3194 ausos.
486 3129 712 3196 Ferocissimus
734 3129 868 3224 quiaque
893 3127 1051 3216 juvenum
1082 3151 1156 3196 cum
1186 3129 1284 3196 umis

244 3248 443 3314 voluntarius
459 3247 557 3314 adest.
586 3251 737 3335 Sequitur
750 3259 784 3316 et
798 3259 912 3317 catera
922 3235 1087 3336 juventus.
1113 3248 1195 3318 Inde
1207 3249 1278 3336 pari
1365 3287 1366 3290 =

246 3371 394 3459 pracsidio
416 3371 527 3438 relicto
551 3371 697 3440 Collatiae
719 3373 758 3438 ad
772 3383 890 3459 portas,
907 3371 1157 3460 custodibusque
1184 3371 1284 3454 datis,

244 3497 365 3582 nequis
377 3519 450 3564 eum
463 3507 586 3564 motum
596 3495 724 3581 regibus
736 3497 920 3576 nunciarst3
936 3497 1043 3562 crateri
1054 3495 1179 3576 armati,
1197 3495 1282 3562 duce

245 3617 360 3699 Bruto,
376 3621 510 3686 Romam
525 3619 670 3707 proiecti.
716 3604 831 3687 ultien
846 3631 977 3686 ventum
996 3629 1054 3698 est,
1087 3623 1281 3705 quicunque

242 3739 360 3811 incedit
390 3753 508 3810 arunata
533 3741 715 3822 multitudo,
744 3763 892 3829 pavorem
919 3763 955 3805 ac
976 3719 1151 3806 tumultum
1182 3739 1272 3805 iacit.
1364 3729 1365 3814 l

240 3871 373 3954 Rursus,
388 3871 444 3937 ubi
459 3873 577 3950 anteire
592 3873 742 3962 primores
758 3874 893 3942 civitatis
908 3873 1028 3954 vident,
1047 3869 1201 3965 quicquid
1215 3869 1276 3950 sit,
