2738 4502
173 885 349 952 Trorrsitum
370 885 547 988 Arnnnrru
572 898 671 978 tentet
690 857 863 960 Annuit.
896 889 968 960 lu'b.
991 889 1084 956 XXI.

532 1010 573 1076 U.
591 1010 626 1076 C.
649 1019 726 1078 534.

113 1185 289 1308 HAUD
310 1243 415 1333 longis
430 1243 502 1312 inde
529 1246 736 1333 temporibus,
751 1246 827 1312 dnm
851 1248 1061 1314 intolerabilia
1084 1247 1140 1316 fri-

107 1375 187 1440 gora
201 1363 301 1433 erent,
315 1355 405 1439 quies
419 1353 513 1422 militi
529 1353 600 1422 dan
614 1367 682 1421 est:
705 1366 737 1419 et
752 1355 791 1420 ad
806 1355 906 1442 prima
919 1379 956 1422 ac
968 1357 1062 1422 dubia
1074 1359 1139 1441 sig-

109 1499 152 1541 na
166 1475 246 1542 reris
262 1477 423 1563 proiectus
438 1497 477 1543 ex
490 1477 630 1542 hibernis
646 1478 784 1542 Annibal
807 1477 839 1543 in
855 1475 1013 1544 Etruriam
1028 1481 1115 1545 ducit
1128 1505 1137 1558 ;

104 1621 177 1662 earn
193 1619 319 1686 qnoque
340 1608 482 1684 gentem,
503 1599 587 1666 sicut
610 1599 721 1664 Gallos
741 1597 948 1686 Liguresque,
970 1610 1024 1664 ant
1039 1597 1069 1662 vl
1085 1611 1140 1664 aut

105 1721 269 1785 voluntate
301 1717 518 1808 adjuncturus.
561 1721 795 1786 'transeuntem
825 1721 1030 1808 Apenninum
1060 1721 1166 1788 aded·

106 1852 200 1908 atrox
223 1843 329 1908 adorta
353 1853 525 1932 tempestas
552 1856 611 1924 est,
628 1857 663 1910 ut
685 1843 815 1930 Alpium
842 1843 1021 1910 foeditatem
1044 1825 1141 1932 prope

107 1965 313 2052 superaverit.
353 1965 458 2032 Vento
481 1965 599 2034 mixtus
614 1967 716 2033 imber
732 1987 832 2052 quum
856 1967 990 2032 serretur
1016 1965 1049 2032 in
1076 1967 1144 2054 ipsa

103 2111 162 2154 ora
174 2113 185 2170 ;
207 2087 321 2175 primd,
345 2087 419 2176 quia
441 2099 496 2154 eut
522 2109 608 2154 arma
624 2087 800 2156 omittenda
822 2099 923 2170 crant,
947 2101 1002 2156 eut
1029 2103 1138 2156 contra

102 2211 264 2280 enitentes
290 2213 409 2280 vortice
436 2211 546 2282 intorti
573 2212 804 2304 affligebantur,
830 2211 1025 2298 constiteret
1050 2215 1138 2296 dein,

103 2355 206 2422 quum
216 2331 285 2420 jem
299 2333 446 2420 spiritum
460 2333 694 2416 intercluderet,
718 2355 778 2401 nec
798 2335 990 2422 reciprocare
1001 2335 1138 2402 animam

102 2453 234 2538 sineret,
260 2455 360 2524 aversi
381 2459 402 2522 d
422 2467 519 2524 vento
539 2477 707 2544 parumper
728 2457 910 2524 consedere.
952 2455 1039 2524 Tum
1062 2465 1136 2527 vero

99 2575 227 2661 ingenti
240 2599 320 2644 sono
333 2577 455 2644 coelurn
475 2585 623 2662 strepere,
645 2587 680 2641 et
703 2575 787 2640 inter
807 2575 980 2642 horrendos
994 2577 1132 2662 fragores

98 2700 335 2784 micare‘ignes.
378 2697 473 2788 Copti
493 2697 623 2764 auribus
643 2707 677 2764 et
702 2696 816 2779 oculis,
835 2707 924 2762 metu
937 2718 1049 2762 omnes
1063 2709 1130 2766 tor-

97 2845 188 2912 pere.
223 2821 377 2902 Tandem,
400 2821 503 2890 effuso
522 2819 635 2900 imbre,
655 2837 755 2908 qnum
769 2835 809 2886 eo
824 2819 926 2904 magis
940 2839 1072 2886 accensa
1088 2823 1132 2886 vis

96 2945 189 3012 venti
211 2957 313 3027 esset3
336 2945 407 3032 ipso
426 2943 493 3034 ille,
514 2963 578 3034 quo
604 2941 802 3032 deprehensi
818 2951 918 3024 erunt,
942 2943 1013 3010 loco
1034 2955 1134 3022 castra
1169 3035 1171 3040 Ι

96 3091 218 3158 ponere
241 3068 454 3142 necessarium
474 3067 580 3136 vitum
601 3077 661 3134 est.
704 3061 744 3136 ld
760 3069 834 3138 γετὸ
848 3067 962 3134 laboris
986 3069 1070 3133 velut
1094 3069 1134 3134 de

99 3195 229 3279 integro
242 3193 370 3260 initium
390 3190 465 3260 tuit.
508 3191 595 3258 Nam
616 3203 678 3258 net
697 3189 855 3278 explicere
869 3171 1051 3276 quicquum,
1074 3213 1133 3268 nec

97 3326 239 3384 statuere
266 3325 436 3403 poterent:
459 3333 519 3380 nec
544 3311 631 3400 quod
657 3323 813 3386 statutum
834 3325 931 3394 esser,
959 3317 1108 3378 manebat
1120 3339 1130 3393 ;

95 3437 209 3506 omnia
229 3437 451 3529 perscindente
465 3447 575 3518 rento,
596 3445 630 3502 et
649 3435 814 3524 rapiente:
837 3445 870 3502 et
884 3457 961 3502 mox
984 3445 1065 3522 aqua
1083 3439 1131 3500 le-

95 3571 171 3624 rata
192 3569 299 3637 rento,
321 3578 423 3644 quum
444 3576 538 3642 super
557 3553 662 3642 gelida
690 3555 849 3622 montium
875 3551 959 3642 juga
983 3569 1131 3623 concreta
1183 3534 1187 3543 ‚

94 3689 195 3757 esset,
210 3687 335 3744 tantum
350 3675 468 3744 nivosre
480 3675 642 3762 grandinis
656 3675 784 3772 dejecit,
800 3687 849 3758 ut,
865 3675 1017 3758 omnibus
1032 3679 1129 3744 omis-

91 3799 153 3878 sis,
168 3801 413 3884 procumberent
440 3795 608 3878 homines3
631 3795 827 3884 tegminibut
853 3795 919 3880 suis
945 3799 1046 3886 magis
1069 3803 1128 3866 ob·

93 3921 161 3997 rutl
177 3925 272 4007 quim
288 3919 375 3986 teeti.
408 3919 573 4008 Tantaque
589 3921 636 3986 n's
651 3919 775 4008 frigoris
792 3919 933 4002 insecuta
947 3931 1007 4000 est,
1031 3933 1064 3986 ut
1089 3941 1126 3985 ex
