2804 4524
237 287 258 348 s
592 247 909 350 esssroono

233 451 296 520 rior
309 451 395 518 risus
406 462 490 520 esset
511 451 551 534 is,
566 451 636 540 qui,
649 451 768 520 omisso
779 451 886 520 studio
899 449 1076 540 sapientia,
1098 453 1181 526 nihii
1200 455 1262 526 sibi

234 584 350 662 preter
360 574 575 662 eloquentiam
589 580 814 662 comparasset,
825 573 978 656 fiemus
987 584 1021 642 et
1034 575 1263 662 multitudinis,

237 711 270 764 et
284 721 344 766 suo
353 697 476 786 judicio
488 697 616 784 dignus,
637 697 692 784 qui
708 697 937 783 rempublicam
951 707 1088 785 gereret,
1097 700 1267 774 rideretur.

234 823 325 890 Hine
337 822 487 890 nimirum
498 843 564 888 noo
578 819 705 910 injurii,
714 823 788 888 eim
800 821 840 888 sd
850 823 1066 906 maesia
1078 824 1263 912 nepotum

107 969 112 984 ·
234 943 391 1010 temmd
405 953 500 1030 atque
522 943 654 1010 audaoes
677 941 823 1010 homines
844 953 1054 1028 ostentent,
1076 945 1213 1014 maxima
1226 967 1263 1014 ae

235 1064 409 1132 miserrima
420 1063 584 1150 naufragis
595 1063 724 1130 fiebant.
750 1063 879 1136 Quibus
892 1065 987 1132 rebus
1000 1073 1124 1134 tantum
1136 1067 1201 1134 odii
1211 1078 1263 1138 st-

220 1211 300 1275 .que
312 1188 440 1256 invidia
452 1187 592 1276 suscepit
604 1185 838 1274 eloquentiam
849 1187 994 1258 homines
1003 1189 1263 1276 ingeniosissimi,

233 1308 324 1396 quasi
338 1332 378 1374 ex
392 1309 498 1398 aliqui
512 1307 639 1375 turbidi
653 1319 840 1396 tempestate
854 1310 889 1378 io
903 1321 1046 1398 portum,
1061 1313 1108 1380 sio
1122 1335 1163 1378 ex
1176 1314 1261 1380 sadi·

238 1431 319 1498 riost
342 1441 376 1498 et
396 1433 596 1498 tumultuost
612 1429 689 1512 siti,
711 1453 746 1496 se
760 1431 793 1496 in
808 1430 951 1500 studium
963 1431 1092 1521 aliquod
1105 1431 1264 1502 oederent

234 1555 392 1643 quietum.
429 1555 536 1626 Quare
551 1553 631 1622 mihi
644 1553 792 1622 sidentur
804 1565 917 1641 postea
928 1569 1046 1624 enters
1060 1558 1163 1624 studio
1177 1565 1263 1624 reots

233 1689 329 1766 atque
343 1679 488 1758 honesta,
510 1697 567 1764 per
582 1675 684 1740 otium
706 1675 924 1742 concelebrata
937 1678 976 1744 ab
992 1676 1131 1764 optimis,
1151 1677 1260 1746 enitu-
1303 1695 1334 1722 ''r-

236 1803 299 1866 isse
313 1825 321 1864 ε
346 1799 408 1866 hoc
420 1799 493 1864 vero
507 1800 526 1862 i
538 1797 695 1884 pierisqoe
716 1817 827 1862 eorum
841 1797 1002 1863 desertum
1017 1801 1212 1868 obsolevisse
1226 1821 1265 1870 eo

233 1933 386 2010 tempore,
399 1941 463 2006 quo
474 1921 577 1984 multo
591 1919 811 1985 vehementior
823 1929 890 1986 erat
904 1919 1119 2004 retinendum,
1140 1933 1174 1989 et
1190 1933 1261 1990 sto-

234 2043 353 2112 (tostos
369 2041 601 2128 adaugendum.

276 2289 361 2354 Nam
385 2287 448 2375 quo
462 2285 623 2370 indignius
638 2307 705 2351 rem
729 2285 983 2354 honestissimam
1003 2299 1036 2354 et
1054 2289 1260 2360 rectissimam

232 2411 368 2476 violabat
391 2411 563 2475 stultorum
585 2419 618 2474 et
647 2409 862 2494 irnpmborurn
884 2411 1043 2478 temeritas
1065 2421 1099 2478 et
1118 2415 1260 2501 sudncin,

234 2553 360 2600 summo
376 2553 450 2598 curn
464 2529 651 2616 reipublice
667 2529 856 2596 detrimento
868 2555 879 2610 ς
902 2533 940 2599 εὸ
954 2533 1138 2616 studiosior,
1152 2548 1186 2602 et
1200 2537 1262 2604 iilis

231 2655 440 2724 resistendum
456 2653 529 2735 suit,
543 2665 575 2720 et
586 2651 771 2740 reipublicae
785 2657 1029 2726 consulendum.
1065 2659 1163 2731 Quod
1183 2683 1258 2728 nos·

231 2793 317 2849 tmnn
332 2782 422 2846 illum
435 2801 500 2844 non
513 2775 597 2863 fugit
610 2777 778 2858 Catonern,
794 2799 897 2866 neque
910 2779 1061 2866 balium,
1079 2805 1182 2871 neque
1198 2783 1258 2850 iro-

231 2925 302 2968 rum
320 2905 370 2986 (ut
383 2905 455 2966 reri
470 2899 584 2980 dicam)
606 2899 799 2984 discipulum
820 2899 1019 2983 Africanum,
1042 2923 1144 2989 neque
1158 2906 1257 2974 Grac-

233 3023 322 3102 chos,
339 3019 480 3086 Africani
501 3027 656 3106 nepotes:
680 3017 794 3104 quibus
810 3017 843 3084 in
858 3019 1041 3086 hominibus
1056 3031 1121 3088 erat
1136 3045 1259 3092 summa

231 3145 342 3224 virtus,
354 3153 386 3208 et
400 3145 523 3208 summi
536 3141 650 3208 virtute
667 3139 855 3226 amplificata
875 3141 1057 3226 auotoritas,
1079 3157 1111 3212 et
1126 3167 1197 3233 quse
1210 3149 1258 3214 his

231 3271 324 3336 rebus
339 3275 536 3345 ornamento,
549 3271 581 3328 et
596 3263 777 3350 reipublice
792 3263 940 3350 prasidio
955 3278 1050 3349 esset,
1065 3271 1256 3358 eloquentia.

229 3395 347 3474 Quare,
360 3413 430 3458 meo
445 3387 572 3478 quidem
587 3387 703 3469 animo,
726 3387 826 3454 nihilo
843 3387 948 3456 minis
971 3393 1161 3479 eloquentiae
1186 3407 1256 3463 stu·

230 3517 370 3582 dendum
385 3525 444 3595 est,
458 3509 521 3578 etsi
535 3515 572 3578 et
584 3511 711 3597 quidam
725 3523 757 3576 et
771 3511 918 3598 privatim
929 3525 962 3580 et
976 3517 1103 3602 publice
1115 3525 1257 3604 perverse

231 3643 427 3718 abutuntur3
453 3635 508 3701 sed
532 3637 570 3700 eo
582 3633 710 3720 quidem
725 3633 953 3720 vehementiis,
980 3661 1021 3702 ne
1043 3641 1118 3706 maii
1141 3660 1257 3730 magno

231 3787 306 3830 oum
329 3761 517 3828 detrimento
532 3762 703 3839 bonorum,
719 3769 752 3823 et
764 3761 928 3826 communi
951 3763 1094 3830 omnium
1119 3767 1256 3852 pernicie

234 3879 405 3970 pluriminn
419 3876 563 3967 possint3
586 3877 659 3943 cirrn
674 3875 848 3964 presertim
863 3879 924 3946 hoc
937 3901 1038 3950 unum
1053 3879 1109 3965 sit,
1119 3883 1205 3972 quod
1219 3885 1257 3952 ad
