2804 4524
503 291 743 367 CICERONE.
1094 303 1137 362 w

97 469 233 542 erleest
247 467 332 533 enim
347 465 382 532 in
396 463 598 554 philosophia
619 491 721 556 pauca
745 489 812 532 esse
836 466 864 532 ei
885 477 973 550 nota,
995 467 1048 534 cui
1071 487 1136 534 nou

105 594 174 658 sint
187 603 243 658 aut
254 593 403 678 pleraque
416 603 471 656 aut
484 591 601 659 omnia.
644 595 677 658 N
678 615 729 658 am
742 613 802 656 neo
815 615 926 680 panca,
939 593 1001 657 nisi
1015 597 1032 658 ὲ
1051 597 1136 660 mul·

107 715 162 798 tis,
178 715 253 800 eligi
266 726 421 801 possunt;
444 735 516 798 nec,
530 715 586 802 qui
608 737 709 802 pauca
722 717 873 803 percepit,
888 739 952 784 uon
969 717 1051 782 idem
1065 719 1138 783 reli·

110 859 176 927 qua
189 837 300 904 eodem
318 837 424 903 studio
437 848 650 924 persequetur.
781 896 784 903 Δ

154 959 218 1026 Sed
232 960 266 1025 iu
277 959 341 1026 virs
355 971 462 1026 tamen
474 965 640 1046 occupata,
662 972 768 1050 atque,
793 973 830 1028 ut
850 963 1053 1052 Neoptolemi
1069 977 1139 1032 tum

108 1091 189 1162 emt,
202 1080 340 1162 militari,
354 1101 455 1168 pauca
466 1081 535 1168 ipsa
548 1084 685 1149 multum
705 1105 789 1170 sepe
809 1097 953 1170 prosunt,
978 1100 1011 1154 et
1032 1090 1138 1154 ferunt

109 1204 246 1281 tructus,
261 1199 288 1264 si
302 1220 368 1266 non
381 1211 499 1282 tantos,
513 1203 624 1288 quanti
638 1223 678 1268 ex
691 1204 836 1270 universi
848 1206 1049 1292 philosophis
1067 1231 1139 1295 per·

107 1322 174 1408 cipi
187 1331 340 1408 possnut3
361 1332 468 1388 tamen
482 1345 549 1404 eos,
563 1323 678 1409 quibus
693 1325 797 1410 aliqua
818 1345 855 1390 ex
876 1337 964 1412 parte
981 1327 1140 1396 interdum

108 1452 166 1508 aut
180 1441 363 1527 cupiditate,
378 1453 433 1508 aut
448 1443 646 1528 egritudine,
661 1455 716 1510 aut
735 1455 823 1509 metu
842 1447 1030 1513 liberemur:
1052 1453 1140 1516 velut

105 1569 198 1631 cxci
205 1565 426 1650 disputatione,
436 1587 508 1652 quse
519 1565 598 1630 mihi
611 1587 711 1654 nuper
723 1567 831 1632 habits
841 1580 889 1633 est
902 1569 936 1634 in
945 1569 1140 1653 Tusculano,

107 1709 227 1773 magna
240 1687 404 1754 ridebatur
418 1687 528 1754 mortis
542 1691 654 1756 effectu
668 1689 963 1776 contemptisque
987 1714 1052 1758 non
1076 1693 1136 1758 mi-

111 1810 236 1877 nimum
249 1812 332 1876 ualet
347 1813 386 1878 sd
401 1811 540 1876 animum
556 1821 645 1878 metu
659 1813 871 1880 liberandum,

157 1930 344 2018 Quanquam
367 1953 432 1998 non
454 1953 564 1998 sumus
589 1932 700 2017 ignari,
723 1936 841 1999 multos
863 1934 1005 2002 studiose
1028 1939 1139 2004 contri

109 2075 182 2120 esse
209 2055 370 2136 dicturos3
404 2055 491 2141 quod
518 2056 615 2150 vitare
645 2059 734 2122 nullo
754 2056 849 2122 modo
872 2060 1055 2144 potuimus;
1079 2061 1140 2128 nisi

111 2175 194 2244 mhil
216 2177 346 2242 omnino
366 2177 583 2245 scriberemus.
626 2179 690 2245 Sed
713 2189 818 2246 tamen
840 2183 965 2248 tantum
987 2185 1086 2264 abest,
1101 2193 1138 2248 ut

111 2301 209 2367 scribi
230 2313 340 2367 contra
362 2323 418 2367 nos
442 2303 593 2386 nolimus,
610 2314 647 2369 ιιι
666 2304 699 2370 id
713 2305 808 2370 etiam
823 2306 958 2372 maxime
973 2318 1139 2394 optemus:

110 2421 149 2487 in
162 2421 232 2507 ipss
246 2423 331 2487 euim
346 2423 470 2488 Grecis
483 2423 685 2510 philosophia
698 2435 787 2492 tanto
798 2425 831 2490 in
843 2425 963 2492 honore
975 2447 1138 2512 nunquam

113 2543 239 2626 fuisset,
256 2544 317 2610 nisi
331 2543 583 2612 doctissimorum
597 2545 854 2612 contentionibus
876 2545 1140 2612 &sennonteus-

115 2689 179 2754 que
193 2667 354 2752 viguisset.

159 2785 373 2861 Quamobrem
396 2791 506 2858 hortor
530 2813 651 2874 omnes,
677 2793 731 2878 qui
758 2793 858 2857 lacere
882 2789 915 2855 id
936 2799 1083 2876 possunt,
1105 2802 1141 2855 ut

116 2909 212 2999 hujus
235 2935 362 3000 quoque
379 2915 502 2999 generis
517 2913 648 2982 laudem*
659 2912 726 3000 jam
746 2899 910 2998 languenti
925 2909 1060 2977 Gracia
1080 2909 1140 2976 eri·

115 3035 218 3122 piant,
233 3047 267 3100 et
287 3038 444 3121 perferant
457 3037 492 3102 in
512 3037 594 3102 hanc
614 3039 736 3118 urbem,
757 3035 839 3100 sieut
861 3034 996 3144 reliquus
1020 3055 1141 3116 omnes,

114 3179 189 3246 quo
203 3159 331 3245 quidem
346 3171 434 3226 erant
448 3161 643 3246 expetenda,
665 3158 772 3224 studio
796 3169 889 3244 atque
910 3131 1066 3224 inilustrit
1083 3163 1142 3223 sul

114 3276 250 3363 majores
279 3279 379 3346 nosni
408 3282 645 3346 nansnnernnr.
688 3281 795 3366 Atque
828 3289 985 3344 orutomm
1014 3275 1146 3364 quidem

116 3398 210 3464 laus
202 3409 246 3463 sta
260 3398 356 3463 ducta
369 3401 408 3464 ab
423 3399 536 3464 humili
551 3401 637 3466 venit
649 3399 689 3464 sd
701 3417 873 3480 summum,
895 3409 933 3464 ut
955 3396 1033 3484 jam,
1059 3395 1144 3481 quod

116 3529 230 3587 natura
244 3521 326 3585 fert
317 3543 351 3586 m
365 3523 514 3590 omnibus
528 3523 593 3588 iere
609 3523 714 3603 rebus,
729 3531 882 3602 senescat,
897 3521 1045 3606 brevique
1059 3529 1142 3584 tem·
1259 3519 1264 3532 '

115 3663 194 3730 pore
211 3643 251 3708 ad
272 3642 407 3708 nihilum
429 3655 560 3712 ventura
582 3643 733 3710 videatur.
777 3642 980 3729 Philosophia
1001 3653 1146 3708 noeamr

118 3763 244 3830 Latinis
265 3766 393 3852 quidem
416 3766 513 3833 literis
547 3789 586 3832 cx
616 3767 665 3832 his
687 3767 880 3854 temporibus
891 3788 902 3847 ς
932 3785 1064 3852 eamque
1087 3783 1145 3830 nos

117 3879 322 3972 adjuvemus3
364 3905 485 3978 nosque
509 3889 595 3977 ipsos
621 3887 764 3974 redugui
794 3886 957 3974 refellique
979 3885 1146 4000 patiamur.
