2750 4510
216 259 219 270 ’
252 257 312 332 100
362 315 365 324 .
613 265 667 328 En
689 261 738 332 M.
759 261 925 336 'rutulo

248 435 399 528 Cyprium
414 435 597 508 familiarem
613 459 720 520 suum,
735 437 795 504 iter
809 437 842 505 in
856 432 1078 508 Macedoniam
1093 435 1283 520 facientem,

249 559 367 630 Pheras
381 560 504 626 venisse
513 585 523 642 3
546 583 617 648 qum
633 573 698 626 erat
714 563 788 634 urbs
803 561 836 632 iu
847 560 1010 632 Thessalis
1022 571 1092 625 tum
1102 561 1278 634 admodum
1337 576 1344 586 ·

250 681 375 760 nobilis,
386 687 424 748 ab
441 685 618 748 Alexandro
629 695 735 748 autem
748 695 882 769 tyranno
893 683 1012 750 crndeii
1026 683 1190 748 dominatu
1200 705 1276 776 pre·

252 806 415 870 mebuturr
439 805 471 866 iu
492 827 530 868 eo
551 806 647 888 igitur
666 806 781 894 oppido
804 805 848 871 ita
864 805 1000 890 graviter
1016 827 1139 890 aegrum
1163 805 1277 870 Ense,

250 943 338 986 mum
353 923 461 1002 fuisse,
478 933 514 986 ut
528 943 638 986 omnes
654 923 767 988 medici
781 922 974 988 diffidereutr
997 922 1026 986 ei
1042 922 1144 986 risum
1157 941 1227 984 esse
1241 918 1277 986 iu

248 1044 356 1130 quiete
370 1045 497 1128 egregie
522 1047 601 1112 fecie
619 1044 772 1130 juvenem
796 1045 910 1125 dicere,
925 1047 993 1110 fore
1010 1055 1044 1108 ut
1060 1043 1144 1108 breri
1159 1063 1279 1108 couva-

249 1171 391 1247 lesceret‚
407 1168 578 1254 paucisque
593 1169 703 1236 diebus
719 1168 921 1233 interiturum
936 1167 1151 1232 Alexandrum
1167 1177 1277 1252 tyran-

251 1313 350 1372 uum3
373 1291 477 1377 ipsum
493 1301 598 1356 autem
623 1292 804 1360 Eudemum
828 1293 1047 1378 quinquennio
1061 1293 1132 1378 post
1146 1291 1280 1354 domum

251 1435 321 1482 esse
342 1416 528 1482 rediturum.
573 1419 681 1502 Atque
704 1417 749 1482 itu
768 1417 896 1502 quidem
919 1416 1021 1502 prima
1041 1413 1148 1480 statim
1168 1413 1281 1482 scribit

251 1541 439 1608 Aristoteles
451 1551 634 1623 consecuta,
646 1552 679 1608 et
689 1543 886 1606 convaluisse
895 1539 1088 1620 Eudemum,
1101 1550 1133 1604 et
1143 1539 1184 1604 ab
1198 1559 1281 1602 uxo-v

251 1665 294 1732 ris
317 1665 467 1732 frutribus
491 1667 702 1732 interiectum·
717 1677 905 1749 tyranuum:
929 1663 1041 1749 quinto
1063 1672 1170 1726 autem
1192 1683 1279 1728 euno

242 1799 398 1872 queunte,
413 1791 487 1853 cum
502 1799 586 1852 esset
600 1809 671 1872 spes
694 1809 734 1849 ex
756 1787 814 1850 illo
840 1785 965 1850 somnio
980 1785 1013 1849 in
1029 1785 1170 1870 Cyprum
1185 1785 1278 1850 illum

249 1909 408 1975 exSieiiid
418 1933 486 1974 esse
497 1911 683 1992 rediturum,
695 1909 892 1996 preliantem
902 1909 1208 1995 eumadSyracusas
1220 1931 1278 1975 oe·

249 2033 382 2135 qidisse:
406 2053 443 2096 ex
466 2055 531 2122 quo
545 2033 591 2098 ita
604 2033 683 2100 iilud
697 2035 858 2099 somnium
880 2055 948 2098 esse
962 2033 1214 2118 interpretatum,
1228 2045 1278 2114 ut,

248 2147 323 2222 odiu
338 2157 463 2224 animus
478 2157 615 2222 Eudemi
640 2179 681 2222 ex
706 2175 835 2244 coquere
860 2157 1042 2238 excesserit,
1056 2167 1125 2222 tum
1146 2157 1278 2228 domum

246 2277 415 2346 revertisse
426 2279 578 2346 videntur.

293 2403 401 2474 Quid?
425 2403 480 2468 iila
493 2403 559 2467 duo
572 2403 706 2484 somnia,
722 2420 793 2491 que
808 2404 995 2472 creberrime
1009 2417 1277 2472 commemorant·

247 2527 318 2594 rud
342 2524 470 2604 Stoicis,
485 2523 556 2610 quis
584 2525 710 2590 tandem
733 2533 841 2612 potest
864 2529 1090 2592 contemnere?
1115 2549 1215 2594 uirum
1237 2527 1275 2592 dc

252 2649 437 2714 Simonide:
460 2647 526 2734 qui,
541 2651 616 2714 oum
641 2648 789 2732 ignotum
812 2647 970 2735 quendam
990 2647 1170 2736 projectum
1194 2671 1278 2716 mor·

248 2783 342 2838 tuum
356 2773 497 2852 vidisset,
517 2793 655 2858 eumque
678 2769 881 2851 humavisset,
894 2773 1086 2856 haberetque
1112 2773 1145 2840 in
1170 2774 1276 2840 animo

251 2917 365 2964 utrem
378 2897 600 2974 conscendere,
615 2895 738 2960 moneri
758 2895 842 2958 visus
857 2905 915 2972 est,
933 2917 972 2958 ue
987 2895 1018 2960 id
1034 2899 1159 2977 iaceret,
1175 2897 1215 2962 ab
1230 2919 1280 2976 eo,

247 3037 344 3104 quem
357 3021 516 3100 scpultnrt
529 3015 692 3082 affecerntr
715 3015 740 3078 si
756 3015 1022 3096 nuriqusseteum
1036 3019 1202 3104 naufragio
1211 3031 1278 3084 esse

248 3137 444 3227 periturum:
471 3138 577 3223 itaque
599 3135 796 3206 Simonidem
817 3135 964 3216 rediisse5
991 3137 1120 3222 periisse
1143 3149 1275 3210 careres

247 3259 305 3350 qui
320 3273 389 3326 tum
404 3258 616 3341 navigassent.

295 3387 439 3461 Alterum
454 3381 499 3446 ita
511 3379 673 3460 traditum,
687 3381 986 3474 ciarumvadmodum
999 3383 1171 3450 somnium.
1197 3383 1279 3449 Cdm

246 3483 315 3572 'duo
328 3505 455 3592 quidam
475 3501 608 3566 Arc-edes
635 3499 802 3568 t'urniiiares
829 3501 888 3567 iter
903 3525 964 3567 unu
987 3505 1139 3584 facerent,
1154 3517 1187 3573 et
1206 3505 1279 3571 Me-

251 3643 356 3712 garam
372 3623 544 3702 venissent,
559 3623 693 3686 alterum
706 3625 743 3686 nd
757 3645 931 3709 cauponem
947 3623 1128 3704 divertisse3
1153 3627 1192 3691 nd
1205 3627 1278 3692 hos-

249 3743 348 3835 pitem
376 3745 519 3826 aiterum.
564 3741 629 3814 Qui
664 3753 699 3807 ut
730 3745 847 3808 eoeuuti
882 3745 1095 3830 quiescerent,
1122 3747 1277 3814 cornubia

250 3873 345 3946 nnete
360 3863 463 3938 visum
479 3887 547 3942 esse
562 3865 594 3940 in
610 3864 741 3938 somniis
765 3863 806 3945 ci,
820 3865 876 3950 qui
890 3879 956 3938 etat
968 3867 1003 3932 iu
1020 3867 1170 3954 hospitio,
1187 3869 1275 3937 ilium
