2750 4510
254 279 295 336 92
617 277 671 342 En
692 277 742 344 Μ.
765 280 932 354 TULLIO

256 453 378 533 repente
391 458 514 530 terrum,
528 457 559 512 et
572 449 683 526 morio,
699 453 860 540 erutumque
874 455 1039 534 vidissemr
1062 459 1183 524 nubium
1199 483 1289 549 meg-

256 571 432 652 nitndinenr,
455 582 666 660 uentorumque
686 575 747 638 aim
771 579 977 660 cognovissent
989 603 1002 654 ,·
1034 581 1300 670 odepazissmrtque

257 695 362 776 sotem,
385 669 507 782 musque
529 707 593 760 trun
623 697 862 784 rnognitudinem
889 701 1210 789 putetur'tndinemque,
1233 715 1297 770 turn

257 821 350 894 etium
370 817 561 908 efficientiam
584 825 801 906 ruginensem,
816 826 897 909 qnod
919 825 946 888 is
968 826 1047 890 diem
1069 823 1208 912 estinan,
1234 839 1297 896 toto

260 945 333 1008 emto
349 944 413 1028 lnce
426 941 543 1030 dnffnsd
551 968 564 1018 ,·
587 949 654 1013 enm
669 958 771 1010 autem
786 956 883 1012 terras
897 971 958 1012 raon
971 953 1141 1039 opuedsset,
1158 963 1222 1016 trun
1236 975 1296 1018 ooe·

260 1065 321 1130 dnm
341 1073 437 1130 toturn
461 1075 613 1129 cernerent
636 1065 729 1130 astris
750 1067 925 1131 distinctum
946 1079 975 1134 et
994 1080 1147 1150 ornatum,
1163 1072 1297 1158 lunaque

259 1185 403 1254 danninum
427 1189 605 1259 uarietatem
629 1197 692 1252 tum
709 1191 866 1254 crescentis
881 1201 944 1254 turn
967 1193 1153 1272 nauseantis,
1177 1217 1294 1260 eornm-

255 1329 314 1400 qne
327 1309 458 1372 omnnem
471 1315 555 1372 ortus
567 1317 597 1371 et
616 1327 752 1387 occasus,
767 1317 859 1394 utque
880 1309 912 1372 in
935 1309 1016 1374 omni
1030 1312 1197 1376 eternitate
1210 1324 1294 1378 ratos

255 1429 513 1518 inmutabilesque
527 1449 653 1494 cursus:
678 1429 742 1494 haec
768 1433 836 1492 cnm
857 1431 1004 1510 viderent,
1026 1429 1163 1514 prosectis
1186 1443 1216 1500 et
1230 1455 1294 1498 ears

257 1551 340 1631 deos,
356 1561 387 1616 et
401 1552 465 1620 nme
481 1559 568 1614 tantu
582 1571 675 1636 opero
696 1549 818 1618 deornm
839 1569 903 1614 esse
916 1549 1143 1620 arbitrarentur.
1187 1554 1293 1640 Atque

258 1673 330 1739 hoec
344 1674 398 1738 ine
414 1673 553 1759 quidem.

298 1813 369 1875 Nos
384 1821 491 1874 autem
506 1811 649 1874 tenebras
665 1809 841 1892 cogitemus
856 1819 971 1890 tantas,
983 1821 1111 1896 quanta
1133 1813 1292 1896 quondam

259 1931 424 2019 eruptione
443 1931 644 1996 AEtnaeorum
667 1932 789 2016 ignium
811 1931 960 1997 finitimas
981 1933 1126 2019 regiones
1141 1937 1291 2000 obscuru-

170 2047 182 2070 '
258 2055 339 2126 visse
355 2053 504 2128 dicuntur
522 2057 572 2138 (ut
586 2075 642 2142 per
664 2053 796 2120 biduum
821 2077 916 2119 nemo
940 2053 1101 2120 hominem
1117 2057 1215 2121 homo
1238 2081 1294 2143 sg-

258 2189 404 2246 nosceret
414 2203 423 2260 ;
447 2181 520 2244 curn
534 2167 639 2242 antem
657 2177 750 2242 tertio
775 2176 825 2242 die
851 2175 898 2239 sol
923 2175 1090 2258 illuxisset,
1106 2187 1175 2242 tum
1190 2187 1228 2244 ut
1242 2201 1292 2245 rs·

258 2303 374 2376 vixisse
389 2302 449 2366 sibi
463 2301 669 2383 viderentur).
689 2299 787 2408 ¹Qudd
801 2299 829 2362 si
842 2299 905 2366 hoe
918 2297 1002 2368 idem
1016 2323 1054 2364 ex
1066 2301 1192 2368 reternis
1205 2311 1293 2368 tene-
1363 2379 1364 2404 χ

257 2427 323 2500 bris
339 2426 547 2512 contingeret,
564 2433 600 2486 ut
615 2421 720 2498 sirbitd
744 2425 849 2486 lucem
872 2421 1103 2508 adspiceremus
1113 2447 1123 2502 ς
1147 2443 1292 2508 quaeuaur

259 2549 380 2643 species
396 2548 470 2612 coeli
486 2545 662 2617 videretur?
689 2543 750 2608 Sed
766 2543 948 2616 assiduitate
962 2545 1155 2630 quotidiam,
1169 2557 1202 2611 et
1217 2571 1293 2614 oon-

259 2653 428 2750 suetudine
443 2673 621 2750 oculorum,
637 2678 822 2736 assuescunt
834 2667 930 2740 animi
942 2693 951 2748 3
974 2691 1076 2758 neque
1088 2669 1292 2754 admirantur,

258 2819 364 2883 neque
387 2791 552 2880 requirunt
576 2789 711 2857 rationes
732 2811 838 2860 earum
864 2813 980 2871 rerum,
994 2814 1071 2876 quas
1096 2815 1221 2878 semper
1246 2795 1292 2856 vi-

260 2916 356 2985 dent:
379 2915 518 3000 perinde,
534 2912 623 2996 quasi
640 2911 761 2976 novitas
786 2933 843 2974 nos
868 2913 980 2996 magis,
996 2916 1090 2998 quam
1104 2915 1292 2999 magnitudo

259 3057 378 3114 rerum,
393 3039 505 3100 debeat
521 3033 560 3097 sd
574 3033 780 3118 exquirendas
796 3055 904 3097 causas
920 3035 1065 3102 excitare.

301 3152 383 3225 Quis
398 3153 483 3221 enim
499 3153 584 3217 hune
607 3151 769 3220 hominem
792 3151 916 3234 dixerit,
931 3155 998 3238 qui,
1015 3159 1087 3222 eum
1109 3160 1174 3220 ttrn
1190 3169 1292 3224 certos

259 3278 333 3351 coeli
358 3289 476 3357 motus,
499 3287 562 3347 tam
585 3287 668 3340 ratos
691 3285 847 3344 astrorum
876 3277 1010 3358 ordines,
1035 3289 1162 3365 tumque
1185 3283 1292 3346 omnin

257 3397 340 3475 inter
355 3423 388 3472 se
403 3421 545 3466 connexa
560 3411 591 3463 et
605 3413 678 3490 apta
700 3397 811 3480 viderit
799 3409 935 3483 t,neget
958 3399 990 3464 in
1012 3399 1061 3464 his
1076 3403 1200 3467 ullam
1191 3425 1293 3470 messe

256 3523 537 3608 adoremusque
558 3544 633 3591 casu
657 3521 723 3590 fieri
748 3521 840 3601 dieat,
857 3543 928 3608 quae
952 3535 1070 3609 quanto
1086 3525 1221 3590 oonsilio
1234 3543 1298 3613 ge·
1363 3495 1364 3548 i

254 3645 749 3738 rantur,nulloeonsilioassequr
741 3647 953 3734 possumus?
979 3669 1031 3724 an,
1041 3651 1112 3712 cium
1127 3649 1290 3716 machina*

77 3779 84 3794 ·
179 3819 182 3826 ⁴
256 3765 344 3842 tione
364 3767 500 3853 quddam
529 3765 647 3833 moveri
676 3765 793 3851 aliquid
823 3765 976 3848 videmus,
998 3775 1034 3830 ut
1063 3767 1232 3853 sphaernm,
1255 3759 1289 3833 rit

256 3887 361 3976 horas,
383 3903 420 3954 ut
442 3889 503 3962 alia
523 3889 692 3982 permulta,
715 3909 780 3953 non
803 3887 995 3970 dubitamus,
1017 3889 1095 3976 quin
1119 3887 1173 3956 ills
1195 3911 1289 3978 opera
