2750 4510
498 223 554 290 ra
575 221 709 290 nrum.
1066 223 1123 286 m
1208 295 1210 300 ,

90 401 177 470 eidio
191 421 229 467 ae
253 395 353 468 ruinis
374 371 665 507 deditiffempiis
688 405 798 460 tamen
820 391 928 458 Deam
955 389 1014 479 (ita
1030 391 1124 465 enirn

92 527 237 594 edictum
252 526 293 592 ab
307 545 380 608 rege
396 521 513 606 iuerat)
530 527 742 606 temperatum
755 526 814 582 est.

89 1216 171 1284 Moe
182 1236 239 1302 per
253 1215 423 1281 ruentes
437 1233 539 1278 mum
553 1213 798 1296 repetundarum.
820 1212 893 1277 Lib.
903 1211 931 1278 1.
958 1211 1000 1276 U.
1013 1209 1047 1276 C.
1069 1216 1142 1276 114.

95 1423 310 1570 LATINI,
334 1487 408 1531 eum
435 1464 565 1552 quibus,
587 1463 686 1555 Tullo
709 1473 875 1548 regnante,
901 1461 1003 1528 ictum
1027 1461 1134 1528 toedus

97 1601 183 1674 erat,
198 1593 393 1656 sustulerant
407 1591 549 1656 animos:
573 1601 721 1678 etquum
745 1589 959 1656 incursionem
975 1589 1008 1655 in
1024 1610 1135 1676 agrum

95 1717 283 1788 Romanum
307 1717 468 1794 fecissent,
490 1714 705 1800 repetentibus
732 1735 781 1778 res
806 1713 970 1794 Romanis,
989 1715 1131 1800 'superbt

95 1859 289 1924 responsum
317 1839 476 1918 reddunt3
514 1835 654 1902 desidem
684 1837 866 1902 Romanum
905 1857 1013 1921 regem
1051 1837 1136 1904 inter

98 1963 219 2028 sacella
233 1973 265 2026 et
280 1983 347 2040 aras
360 1971 505 2042 acturum
519 1981 587 2024 esse
598 1979 734 2044 regnum
745 1959 817 2024 r'ati.
863 1959 1010 2026 Medium
1024 1961 1136 2026 eratin

100 2087 199 2150 Anco
215 2079 392 2166 ingenium,
409 2091 442 2146 et
457 2081 575 2148 Numae
591 2089 623 2144 et
642 2079 772 2144 Romuli
787 2101 927 2146 memor:
951 2089 996 2164 et,
1009 2090 1140 2168 prreter·

105 2199 1138 2292 quamqubdaviregnomugisnecessariamsuissepacemerede·

105 2325 260 2406 bat,ci1m
274 2321 306 2387 in
323 2343 419 2403 novo,
434 2331 503 2386 tum
518 2322 615 2388 feroci
633 2323 775 2410 popu103
791 2319 886 2388 etium
902 2323 987 2409 quod
1002 2324 1049 2390 illi
1064 2345 1144 2390 con-

101 2417 235 2528 tigisset
259 2441 375 2523 otium,
391 2443 461 2507 sine
485 2441 599 2530 injurii
615 2443 647 2506 id
668 2465 701 2508 se
725 2442 811 2511 haud
825 2443 927 2526 facile,
942 2445 1144 2512 habiturum:

107 2564 227 2632 tentari
240 2565 439 2651 patientiam,
451 2579 483 2630 et
495 2575 649 2630 tentatam
662 2565 824 2642 contemni
832 2589 843 2644 ;
860 2575 1064 2652 temporaque
1076 2587 1145 2633 esse

113 2689 216 2754 Tullo
240 2688 308 2774 regi
330 2687 459 2774 aptiora,
486 2690 581 2774 quim
607 2687 736 2752 Numoe.
782 2685 829 2752 Ut
850 2697 968 2770 tamen,
992 2689 1141 2774 quonium

109 2811 224 2878 Numa
232 2809 264 2874 in
273 2831 351 2896 paee
361 2809 528 2895 religiones
539 2806 812 2889 instituisset,irse
821 2807 947 2875 bellicoe
956 2808 1148 2876 caerimoniae

115 2934 327 3024 proderentur
335 2957 345 3014 3
369 2955 428 2998 nec
443 2941 627 3018 gererentur
642 2933 758 3014 solnm,
774 2931 939 3000 sedetiam
956 2931 1148 3004 indicerent-

110 3089 151 3132 ur
161 3067 250 3132 bella
260 3063 367 3152 aliquo
379 3064 463 3146 ritu;
481 3061 537 3150 jus
548 3066 587 3130 ab
604 3063 734 3148 antiqua
749 3075 845 3148 geute
859 3065 1053 3156 AEquieolis,
1063 3069 1148 3154 quod

112 3211 205 3254 nune
214 3187 360 3252 Feciales
368 3187 497 3267 habent,
505 3185 683 3274 descripsit,
693 3207 758 3276 quo
767 3207 817 3252 rea
827 3200 1023 3276 repetuntur.
1045 3193 1151 3276 Lega-

110 3325 177 3394 tua,
192 3311 248 3376 ubi
263 3309 395 3376 adfines
411 3331 521 3374 eorum
545 3309 646 3391 venit,
663 3309 747 3376 unde
768 3332 817 3378 res
831 3323 1029 3408 repetuntur,
1046 3315 1151 3402 eapite

108 3443 218 3508 vetate
233 3439 301 3522 fiio,
320 3437 652 3526 (lanaerretamenest)
667 3437 763 3520 Audi,
773 3439 905 3526 Jupiter,
916 3425 1031 3528 inquit,
1042 3445 1146 3514 audite

103 3567 215 3648 fieriu,-
232 3561 467 3681 (cujuscunque
477 3559 583 3646 gentis
592 3572 680 3640 sunt,
694 3562 863 3646 nominat)
875 3563 1057 3650 audiutsar·
1080 3559 1155 3658 Ego
1194 3651 1197 3658 .
1272 3609 1274 3613 ,

114 3713 187 3754 sum
206 3686 347 3772 publicum
360 3679 486 3776 marrim
506 3685 614 3770 populi
637 3683 783 3765 Rornuni,
800 3683 888 3770 juata
911 3687 1020 3774 pieque
1039 3688 1158 3777 iegutue

49 3879 51 3884 ,
119 3809 220 3897 garrio,
245 3808 397 3896 uerbisque
418 3806 492 3870 meir
503 3805 588 3887 fides
610 3807 661 3872 sit.
706 3801 832 3889 Peragit
855 3805 969 3874 deinde
989 3811 1158 3894 postulata.
