2724 4494
509 247 687 314 rscrro.
1048 214 1113 313 aas

55 419 232 486 cicatrices
247 441 288 486 ex
300 421 496 501 vulneribus,
505 424 673 488 verberum
689 431 780 486 notas
794 420 1007 506 exprobrante
1028 441 1104 486 mox

65 543 256 610 indiscretis
268 545 412 626 vocibus,
426 512 753 630 predestinatorum,
766 542 928 628 angustias
940 542 1103 627 stipendii,

62 666 224 734 duritiam
245 689 389 756 operum,
401 689 438 734 ac
449 667 583 756 propriis
598 667 783 733 nominibus
797 666 960 745 incusant,
975 667 1105 747 vallum,

62 793 195 856 fossas:
219 791 338 876 pabuli,
361 789 512 870 materiae,
527 791 686 876 lignorum
701 792 861 876 adgestus,
876 799 909 854 et
924 787 952 852 si
965 807 1029 874 qua
1043 787 1104 852 alia

54 937 111 979 ex
137 914 340 994 necessitate,
362 923 418 978 aut
439 913 587 980 adversus
601 913 703 998 otium
722 921 894 978 castrinum
910 919 1106 998 quaeruntur.

67 1034 304 1102 Atrocissirnur
327 1047 546 1102 veteranorum
571 1035 691 1100 clamor
716 1035 887 1115 oriebatur,
907 1033 964 1120 qui
986 1033 1107 1100 tricem

67 1167 130 1222 aut
140 1177 238 1242 supra
248 1155 407 1244 stipendia
416 1169 628 1237 numerantes,
641 1159 817 1226 mederetur
827 1156 931 1236 iestis,
944 1177 1007 1222 neu
1017 1177 1103 1222 mor·
1225 1207 1230 1216 .

68 1293 142 1344 tem
157 1281 191 1345 iu
205 1279 319 1346 iisdem
334 1280 504 1362 laboribus,
527 1281 580 1346 sed
601 1281 696 1346 finem
713 1291 779 1346 tarn
793 1281 940 1346 exercito
967 1279 1102 1362 militie,

66 1423 179 1488 neque
193 1401 323 1486 inopem
337 1401 490 1487 requiem,
505 1403 648 1466 orabant.
692 1399 796 1467 Fuere
809 1401 915 1482 etiarn,
937 1403 992 1488 qai
1013 1406 1101 1488 lega-

65 1515 138 1590 tam
152 1525 173 1586 i
186 1521 258 1588 diro
271 1523 421 1607 Augusto
435 1522 603 1608 pecuniam
615 1535 827 1608 reposcerent,
839 1523 951 1590 fantis
966 1523 999 1588 in
1017 1524 1099 1588 Ger-

66 1645 234 1708 manicum
252 1643 413 1708 ominibus
427 1665 437 1722 ς
463 1653 510 1722 et,
525 1641 550 1708 si
567 1643 663 1707 vellet
676 1619 857 1730 imperium,
871 1653 1034 1730 promptus
1050 1664 1104 1706 os·

69 1773 247 1830 tentavere.
291 1763 377 1828 Turn
391 1766 478 1844 verb,
493 1761 583 1848 quasi
595 1763 711 1828 scelere
726 1763 1006 1844 contaminaretur,
1019 1783 1101 1848 pne-

63 1909 144 1976 ceps
157 1883 308 1954 tribunali
322 1885 461 1952 desiluit.
499 1887 730 1974 opposuerunt
743 1889 873 1954 abeunti
888 1907 985 1968 mma,
1000 1854 1098 1952 miniL

66 2023 176 2078 tantes
200 2007 234 2075 ni
258 2007 486 2096 regrederetur.
530 2011 575 2076 At
599 2009 653 2074 ille
674 2010 981 2098 moriturumpotius
1002 2014 1100 2098 quim

68 2135 167 2202 fidem
180 2144 320 2214 exueret,
336 2133 513 2216 clamitans,
526 2135 643 2202 ferrum
659 2135 787 2202 ttatere
796 2133 948 2222 deripuit,
963 2137 1099 2202 elatmn·

67 2281 134 2346 qne
159 2257 319 2326 deferebat
341 2257 375 2322 in
401 2269 524 2344 peetus,
548 2255 583 2324 ni
597 2257 733 2346 proximi
748 2261 936 2346 prehensam
958 2261 1101 2326 dextram

68 2381 103 2448 vi
118 2379 336 2446 attinuissent.
372 2377 527 2446 Extrema
538 2393 571 2446 et
585 2383 777 2466 conglobata
791 2384 874 2448 inter
888 2405 923 2448 se
936 2405 1007 2470 pars
1020 2407 1100 2450 con·

69 2499 185 2581 ciorris,
200 2521 235 2565 ac
251 2499 304 2564 vix
315 2497 464 2564 credibile
479 2498 578 2579 dictu,
591 2499 719 2586 quidam
732 2501 852 2586 singuli
865 2502 994 2588 propiis
1010 2503 1098 2568 ince-

66 2625 191 2702 dentes,
205 2619 328 2704 seriret,
344 2621 570 2686 hortabantur:
594 2633 626 2686 et
641 2621 746 2704 miles,
761 2623 890 2687 nomine
904 2623 1098 2708 Calusidius,

64 2745 214 2814 strictum
229 2743 347 2809 obtulit
368 2743 521 2830 gladium,
535 2741 643 2810 addito
667 2746 831 2810 acutiorem
850 2765 924 2810 cese.
968 2745 1098 2837 Saevum

69 2872 106 2938 id
120 2869 262 2968 malique
273 2866 369 2932 moris
384 2865 479 2932 etiam
496 2865 674 2932 furentibus
689 2865 813 2934 visum:
836 2891 873 2934 ac
883 2867 1018 2956 spatium
1028 2870 1101 2952 init,

66 3015 135 3082 quo
148 2991 253 3058 Caesar
268 2992 307 3056 ab
322 2990 430 3056 amicis
445 2992 478 3056 in
493 2993 732 3058 tabernaculum
746 3001 915 3080 raperetur.
