2756 4484
266 253 329 310 ³62
668 241 895 311 EPISTOLAE

272 435 335 494 ore,
351 435 558 504 cogeremque
573 417 628 484 ills
641 417 720 482 l'erre
735 407 918 495 toleranter,
933 413 1089 482 bebebum
1103 419 1180 503 quo
1198 421 1312 482 coniu-

271 559 391 622 gercm,
417 538 471 604 ubi
486 537 752 626 conquiescerem,
776 538 869 624 cujus
892 539 926 603 ic
937 557 1083 604 sermone
1098 549 1135 603 ee
1149 540 1315 605 semiue

272 681 382 726 omnes
406 683 495 726 eures
521 661 707 746 doloresque
732 659 934 746 deponerem.
977 659 1075 724 Nunc
1105 671 1235 726 eutem
1259 663 1316 725 bor

274 791 338 846 tam
353 783 440 866 gravi
455 783 582 846 vulnere
598 781 693 848 etism
710 781 775 860 ille,
789 801 862 866 qum
885 777 1088 846 conssuuisse
1103 779 1316 856 videbuntur,

272 905 505 970 recrudescunt.
550 904 627 968 Non
651 903 749 982 enim,
774 913 812 967 ut
827 913 894 968 lum
909 921 961 967 me
979 889 1189 986 erepublica
1219 923 1314 970 mm·

238 1041 244 1058 ¹
272 1033 342 1090 tum
357 1023 469 1088 domus
484 1021 668 1107 excipiebat,
684 1043 756 1108 que
772 1023 909 1100 levmet3
932 1020 977 1086 sio
992 1041 1077 1084 nuuc
1094 1020 1208 1086 domo
1234 1041 1314 1086 m·

274 1167 358 1224 rcus,
373 1145 411 1208 ed
426 1143 651 1230 rempublicam
666 1146 839 1228 confugere
853 1165 996 1229 possum,
1016 1153 1053 1208 ut
1072 1143 1104 1206 in
1122 1141 1204 1222 eius
1226 1144 1315 1209 bouis

273 1267 491 1354 acquiescam:
515 1267 618 1351 itaque
638 1275 671 1330 et
694 1265 789 1330 domo
814 1268 982 1330 absumet
1007 1265 1101 1344 foro3
1132 1267 1234 1350 quod
1261 1287 1314 1330 uer

275 1413 348 1458 eum
361 1391 390 1454 d«
405 1393 512 1469 torem,
527 1407 621 1474 quem
636 1389 653 1450 b
668 1386 829 1470 republica
844 1385 948 1470 cepio,
969 1385 1084 1450 domus
1101 1383 1178 1472 jum
1198 1408 1313 1452 conso·

276 1513 332 1580 luri
344 1523 461 1599 potest,
478 1531 536 1576 nec
551 1507 759 1572 domesticum
775 1505 962 1591 respublica.
996 1505 1069 1574 Qud
1085 1513 1200 1590 mugla
1217 1519 1252 1572 oe
1263 1527 1312 1570 ex·

277 1653 398 1731 specto,
424 1651 518 1724 leque
541 1635 645 1700 ridere
663 1637 757 1718 quim
778 1631 914 1717 primum
940 1630 1046 1716 cupio.
1082 1629 1211 1716 Major
1242 1633 1313 1696 mibi

276 1761 390 1829 levatio
405 1757 504 1824 efferri
526 1757 613 1820 nullu
627 1763 742 1837 potest,
756 1755 852 1837 quim
866 1747 1050 1836 conjunctio
1063 1753 1312 1818 consuetudinis

168 1871 173 1886 ⁸
278 1901 521 1964 sermonumque
536 1889 732 1941 nostrorum:
755 1893 933 1958 quenquam
948 1873 1111 1956 sperabam
1132 1884 1240 1940 tuum
1260 1875 1309 1938 sd-

277 2016 418 2082 rcnlum,
434 2001 480 2065 sie
492 2001 576 2064 enim
594 1997 769 2074 audiebam,
785 1993 1043 2080 appropinquare.

222 2146 226 2160 ·
320 2124 595 2210 Egooulemebm
610 2117 718 2182 multis
732 2117 771 2180 de
784 2115 884 2180 causis
900 2125 1059 2200 leesopto
1068 2117 1306 2204 quamprimum

277 2249 391 2328 ridere,
406 2257 474 2312 tum
489 2244 593 2318 etium,
617 2251 654 2304 ut
669 2245 741 2304 ante
765 2249 1017 2304 commentemur
1041 2237 1125 2304 inter
1150 2263 1230 2324 nos,
1251 2247 1307 2327 qul

275 2372 395 2438 ratione
412 2367 501 2434 nobis
513 2361 737 2440 traducendum
750 2361 791 2424 sit
805 2362 864 2424 hoe
876 2371 1000 2444 tempus
1013 2383 1022 2424 ε
1035 2361 1123 2445 quod
1136 2371 1190 2428 est
1205 2375 1305 2428 rorum

278 2493 317 2560 ed
332 2491 425 2557 unius
438 2489 633 2551 voluntalem
648 2481 962 2560 accommodandum,
977 2491 1010 2544 el
1021 2480 1207 2566 prudentis,
1225 2495 1257 2548 et
1270 2483 1304 2546 li·

276 2615 402 2693 bemlie,
424 2623 468 2690 el,
491 2619 528 2674 ut
547 2605 741 2694 perspexisse
755 2602 871 2684 uideor,
885 2623 944 2668 nee
960 2606 978 2667 b
993 2623 1043 2666 me
1061 2603 1172 2686 alieni,
1195 2619 1230 2674 et
1253 2605 1304 2672 ribi

279 2729 469 2800 amicissimi.
492 2725 587 2796 Quod
599 2728 672 2788 cum
686 2722 731 2786 itu
741 2720 794 2799 sit,
806 2741 929 2804 magnae
941 2731 989 2784 est
1005 2731 1109 2786 tumeo
1122 2721 1303 2796 delibereti-

279 2853 362 2930 onis,
377 2873 447 2935 quse
461 2847 539 2914 tutio
555 2845 595 2910 sit
610 2842 744 2908 ineundo
760 2834 869 2920 nobis,
877 2863 940 2906 non
956 2841 1069 2925 egendi
1092 2843 1228 2928 aliquid,
1251 2843 1299 2908 scd

281 2975 365 3043 illius
381 2991 533 3036 concessu
548 2979 579 3034 el
595 2965 747 3030 beneficio
762 2963 953 3050 quiescendi.
999 2961 1089 3028 Vale.
