2804 4524
517 275 760 378 CIG'ERONE.
1116 297 1158 358 so

122 457 245 549 cuique
260 482 314 526 me
326 459 544 527 charissimum
560 484 628 528 esse
655 461 816 540 sentirem,
831 461 1011 552 praesertim·
1024 460 1159 557 et'jtuta

120 586 260 674 petenti,
289 595 320 649 et
348 585 670 671 preclarscupieuti
690 583 805 650 durum
826 583 994 650 admodum
1014 587 1091 650 mihi
1111 587 1158 678 pi·

123 710 281 776 debatur:
309 719 342 772 et
356 707 513 793 suscipere
527 719 650 772 tantam
665 729 743 788 rem,
758 693 909 794 quentam
922 729 985 772 nou
999 709 1093 772 modo
1108 711 1157 774 la-

122 833 244 896 cultate
260 830 412 914 consequi
427 829 552 894 difficile
567 841 661 910 esset,
676 829 842 894 sedetiam
857 830 1049 916 cogitatione
1064 853 1154 896 com-

117 954 236 1040 plecti,
257 953 311 1016 vix
324 953 494 1018 arbitrabar
509 975 576 1016 esse
592 939 673 1040 ejus,
696 953 751 1040 qui
766 965 923 1018 vereretur
937 953 1155 1039 reprehensio-

118 1097 199 1142 nem
213 1076 377 1142 ductorum
393 1087 487 1162 atque
500 1075 716 1162 prudentium.
760 1077 845 1147 Quid
867 1077 953 1140 enim
968 1089 1017 1142 est
1043 1076 1157 1164 majus,

120 1203 232 1286 qudm,
242 1201 316 1264 cum
331 1209 419 1264 touta
433 1200 474 1263 sit
489 1200 571 1264 inter
585 1209 722 1264 oratores
740 1201 841 1264 bonos
858 1199 1156 1288 dissimilitudo,ju-

122 1324 241 1403 dicare,
267 1345 340 1410 quse
366 1323 409 1389 sit
433 1323 554 1409 optimo
578 1325 710 1408 species,
730 1335 763 1388 et
776 1325 866 1410 qussi
880 1324 981 1408 ligura
1005 1325 1155 1390 dicendi?

121 1446 220 1517 Quod
235 1447 386 1532 quoniam
400 1469 452 1512 me
468 1445 585 1531 smpihs
604 1467 707 1530 rogas,
721 1447 893 1530 aggrediar,
919 1437 982 1512 noh
1006 1459 1071 1512 tam
1086 1469 1158 1532 pcr-

121 1565 253 1630 ficiendi
263 1588 329 1652 spe,
343 1569 440 1652 quim
455 1565 634 1650 experiendi
649 1568 825 1628 voluntate.
859 1567 950 1628 Malo
964 1565 1061 1644 enim,
1084 1567 1157 1628 cum

121 1687 230 1754 studio
257 1671 404 1754 tuosius
433 1690 616 1769 obsecutus,
645 1687 812 1752 desiderari
842 1692 862 1752 i
892 1698 923 1752 te
953 1687 1156 1772 prudentium

123 1833 240 1890 neam,
254 1813 361 1896 quim,
377 1811 405 1876 si
419 1810 451 1876 id
466 1833 531 1876 non
546 1810 685 1890 fecerim,
700 1809 965 1876 benevolentiam.

168 1935 294 2006 Quaeris
308 1933 418 2018 igitur,
432 1933 527 2020 idque
538 1931 606 2020 jam
622 1934 752 2018 srepilrs,
777 1934 863 2018 quod
887 1935 1076 2019 eloquentior
1100 1955 1159 2020 ge·-

123 2081 186 2126 nus
200 2060 334 2146 probem
348 2057 496 2136 maxime,
509 2067 542 2122 et
553 2060 645 2142 quale
658 2057 737 2122 mihi
751 2056 892 2122 videatur
908 2056 1064 2138 illud,·cui
1077 2057 1157 2124 nihil

124 2181 323 2268 adripuerit,
335 2179 422 2266 quod
434 2202 494 2264 ego
506 2201 668 2246 summum
680 2189 712 2244 et
727 2181 994 2266 perfectissimum
1002 2180 1156 2267 judicem.

125 2307 165 2372 lu
180 2327 243 2392 quo
257 2325 377 2382 vereor,
392 2325 445 2384 ne,
457 2303 484 2368 si
497 2303 541 2383 id,
556 2303 715 2388 quodvis,
732 2305 877 2384 effecero,
888 2285 1037 2396 'eumque
1051 2317 1156 2370 orato-

126 2449 207 2508 rem,
221 2447 317 2512 quem
329 2425 458 2512 queris,
472 2447 653 2512 expressero
666 2449 676 2506 3
702 2425 830 2505 tardem,
848 2427 952 2490 studia
975 2429 1159 2507 multorum,

128 2551 185 2636 qui
197 2548 411 2634 desperatione
424 2546 592 2634 debilituti,
604 2547 736 2634 experiri
748 2547 780 2612 id
795 2551 918 2628 nolent,
930 2550 1016 2642 quod
1031 2573 1064 2614 sc
1077 2573 1160 2612 usse-

129 2671 186 2758 qui
198 2693 292 2758 posse
306 2668 459 2736 diffidant.
504 2668 567 2734 Sed
581 2691 635 2754 por
647 2679 694 2732 est
706 2690 816 2732 ornnes
829 2669 937 2732 omnia
949 2669 1093 2752 experiri,
1105 2667 1160 2751 qui

129 2817 179 2858 res
202 2815 341 2880 magnos,
365 2803 398 2858 et
424 2813 541 2876 magno
565 2811 658 2877 opere
682 2791 874 2874 expetendas
897 2791 1155 2874 concupivemut.

132 2917 266 2988 Quodsi
289 2940 383 3004 quem
397 2929 453 2985 sut
466 2927 577 2982 nutum
592 2939 658 2995 sua,
685 2926 740 2979 aut
763 2915 818 2980 illa
838 2914 1016 3000 praestontis
1040 2913 1162 2998 ingenii

129 3041 177 3106 ris
192 3043 272 3108 sorte
288 3039 422 3120 deficiet,
438 3049 493 3104 aut
508 3030 613 3104 miuhs
629 3039 801 3103 instructus
816 3037 874 3102 erit
901 3057 1084 3122 magnarum
1107 3059 1158 3102 ur·

133 3163 216 3228 tium
231 3163 428 3248 disciplinis3
452 3173 557 3228 teneat
573 3173 679 3226 tamen
695 3183 768 3224 cum
785 3181 912 3224 cursum
927 3183 1021 3244 quem
1036 3161 1162 3245 potcrit.

136 3285 241 3350 Prima
254 3285 341 3348 enim
356 3295 552 3370 sequentem,
577 3285 746 3352 honestum
769 3293 817 3346 est
832 3281 864 3345 in
876 3281 1022 3349 secundis
1048 3281 1163 3344 tertiis-

137 3425 199 3490 que
214 3403 401 3468 consistere.

179 3527 264 3590 Nam
302 3525 336 3588 in
360 3524 474 3612 poetis,
501 3545 567 3588 uon
598 3523 741 3588 Homero
766 3512 825 3588 soli
856 3526 946 3587 locus
972 3533 1020 3585 est
1050 3527 1099 3606 (ut
1127 3527 1165 3588 dc

136 3649 257 3714 Graecis
273 3649 396 3734 loquor)
414 3655 469 3712 sut
482 3647 684 3726 Archilocho,
701 3657 755 3711 aut
768 3647 931 3733 Sophocli,
944 3657 998 3710 out
1011 3645 1144 3710 Pindaro
1155 3671 1165 3726 ;

82 3793 86 3800 ·
142 3771 195 3834 sed
214 3773 327 3836 horum
351 3771 401 3836 vel
425 3771 582 3851 secundis,
605 3771 654 3832 vel
677 3769 771 3834 etiam
787 3771 868 3834 iusru
889 3771 1054 3834 secundos.
1100 3771 1168 3834 Nee

140 3897 212 3960 rerd
227 3894 433 3960 Aristotelem
447 3893 481 3960 in
494 3893 694 3980 philosophie
708 3893 857 3956 deterruit
874 3895 891 3956 h
907 3892 1072 3956 scribendo
1098 3913 1166 3954 arrr-
