2750 4510
237 633 404 700 Mulierum
425 631 539 722 legatio
557 634 603 698 nd
624 631 674 698 M.
698 631 946 712 Comouuuu,
965 627 1078 716 potriae
1098 648 1164 695 rae
1185 649 1287 696 nmio
1308 587 1313 596 ,

465 751 650 838 inferentem.
688 753 767 822 Lib.
783 753 827 820 11.
855 753 897 820 U.
914 753 949 820 C.
974 759 1049 818 266.

240 935 330 1054 SP.
352 977 491 1046 Nautius
507 974 587 1066 jam,
612 989 646 1044 et
667 977 741 1043 Sex.
758 975 874 1046 Furius
899 975 1047 1043 consules
1062 985 1164 1042 erant.
1204 973 1286 1043 Eos

239 1113 438 1172 recensentes
453 1101 609 1188 legiones,
624 1101 769 1190 presidia
791 1125 847 1189 per
862 1125 982 1184 muros,
996 1101 1132 1188 aliaque,
1154 1101 1190 1170 in
1204 1099 1284 1190 qui-

240 1227 299 1292 bus
314 1225 465 1292 stationes
478 1225 665 1314 vigiliasque
680 1247 748 1294 esse
762 1227 936 1316 placuerat,
948 1227 1020 1292 loca
1033 1225 1282 1308 distribuentes,

242 1349 418 1422 multitudo
445 1348 559 1436 iugem
591 1372 703 1438 pacem
731 1351 933 1440 poscentium
959 1347 1098 1440 primiun
1125 1349 1283 1416 seditioso

240 1475 376 1541 clamore
391 1474 575 1542 conterruit.
619 1473 747 1542 Deinde
765 1497 877 1544 vocare
903 1485 1066 1558 senatum,
1093 1475 1210 1542 referre
1225 1443 1281 1544 'de

244 1599 357 1688 legatis
373 1599 637 1668 nonuncium
653 1599 818 1668 mittendis
831 1599 951 1688 coegit.
996 1601 1205 1686 Accepernnt
1227 1621 1282 1666 re·
1365 1612 1370 1623 “

243 1719 396 1792 lationem
413 1723 534 1806 Patres,
549 1735 720 1814 postquam
735 1725 881 1814 apparuit
895 1727 1000 1792 labare
1013 1725 1119 1812 plebis
1132 1725 1281 1808 animor3

242 1857 393 1946 missique
417 1855 456 1922 de
477 1877 555 1944 paee
573 1856 612 1922 ad
635 1855 795 1924 Marcium
818 1867 969 1938 oratores,
983 1865 1073 1922 atrox
1087 1877 1281 1946 responsum

241 1981 440 2047 retulerunt:
464 1977 500 2046 st
520 1981 635 2046 Volscio
651 2003 729 2070 ager
742 1981 930 2061 redderetur,
941 1999 1032 2066 posce
1046 1981 1102 2068 ogi
1120 1981 1161 2046 de
1179 2001 1282 2066 poce.-

242 2105 270 2170 εἰ
289 2104 402 2190 proedd
417 2103 488 2170 belli
502 2125 560 2190 per
573 2104 667 2172 osirim
678 2099 750 2188 sud
768 2103 873 2186 uelint,
888 2125 1049 2170 memorem
1068 2122 1101 2168 re
1120 2111 1152 2168 et
1172 2103 1283 2169 einim

239 2227 373 2314 mjurioe,
397 2237 428 2292 et
448 2227 600 2312 ltorpitum
612 2225 756 2310 Beneficii,
782 2227 971 2307 adnisurum,
992 2235 1028 2292 ut
1042 2233 1209 2312 appareat,
1224 2248 1278 2292 sr-

243 2351 295 2418 sn
309 2331 524 2432 marmora,
543 2345 740 2434 meacm
762 2349 878 2416 aum
898 2371 974 2418 ore.
1018 2347 1141 2416 nerum
1164 2345 1281 2416 unaue

246 2473 341 2544 iidem
358 2474 457 2556 missi,
475 2495 539 2540 non
552 2473 749 2562 recipiuntur
762 2473 797 2540 in
809 2485 921 2542 costra.
953 2474 1139 2540 Sacerdotes
1153 2495 1283 2562 quoque

243 2599 308 2668 suis
319 2597 500 2686 insignibus
513 2599 632 2664 velatos
643 2599 706 2664 isse
719 2598 877 2686 supplices
888 2597 927 2666 ad
939 2607 1041 2664 castra
1051 2597 1281 2680 hocnunqua-

244 2721 346 2788 ditum
360 2733 410 2788 est
419 2747 429 2804 3
454 2731 486 2786 et
501 2720 602 2788 nihilo
614 2719 714 2804 magis
729 2724 826 2810 quim
842 2723 963 2808 legatos
978 2719 1103 2786 flexisse
1114 2719 1273 2788 animum.

288 2843 375 2910 Tum
398 2843 604 2912 matronam
618 2841 794 2922 Veturiam,
809 2853 941 2910 matrem
957 2839 1129 2925 Coriolani,
1144 2841 1283 2910 Volum-

248 2963 397 3050 uiamque
413 2987 557 3046 uxorem,
572 2967 753 3052 trequentes
768 2975 898 3032 coeunt.
942 2963 979 3030 ld
991 2941 1157 3054 publicum
1174 2963 1284 3032 oonsi-

249 3085 340 3168 lium,
364 3107 405 3152 an
427 3087 590 3154 muliebria
617 3089 713 3154 timor
736 3087 842 3170 fuerit,
858 3092 969 3176 parum
986 3089 1125 3158 invenio.
1172 3089 1284 3156 Pervi-

247 3209 318 3280 eere
341 3215 439 3294 cene,
462 3219 500 3278 ut
514 3219 548 3278 et
562 3211 695 3278 Veturia
718 3235 836 3298 magno
853 3225 930 3278 natu
946 3211 1072 3296 mulier,
1096 3223 1129 3279 et
1144 3213 1284 3280 Volum-

244 3337 309 3416 nio,
325 3335 405 3402 duos
428 3355 541 3424 parvos
561 3357 600 3402 er
622 3335 747 3402 Marcio
772 3335 878 3402 serens
893 3335 977 3403 filios
993 3359 1116 3418 secum,
1131 3335 1165 3402 in
1180 3349 1285 3404 castra

244 3439 387 3526 hostium
402 3459 506 3526 irent:
531 3469 565 3526 et
586 3481 683 3550 quam
703 3461 796 3528 armis
812 3461 869 3526 viri
883 3459 1052 3528 defendere
1080 3463 1191 3528 urbem
1216 3481 1284 3528 non

246 3593 388 3668 possent,
405 3582 553 3650 mulieres
568 3583 718 3674 precibus
733 3583 942 3672 lacrymisque
957 3585 1177 3652 defenderent.
1217 3583 1284 3650 Ubi

246 3701 286 3772 sd
302 3717 401 3772 castro
417 3719 548 3774 ventum
564 3717 623 3788 est,
640 3707 890 3796 nunciatumque
908 3707 1089 3792 Coriolano,
1104 3709 1215 3775 adesse
1230 3707 1284 3776 in·

246 3849 326 3916 gens
342 3829 511 3898 mulierum
526 3853 653 3918 agmen,
679 3832 710 3896 in
726 3832 840 3920 primo,
860 3831 966 3922 utqui
982 3855 1044 3916 neo
1056 3833 1188 3922 publice
1211 3853 1282 3900 ma·

240 3945 357 4044 jestate
379 3947 413 4018 in
434 3949 558 4038 legatis,
579 3975 639 4022 nec
663 3951 924 4036 inescerdotibus
945 3959 1035 4026 touta
1054 3955 1157 4024 offusa
1176 3951 1283 4022 oculis
1367 3984 1372 4048 g
