2756 4484
442 265 495 332 En
518 265 753 331 CICERONE.
1055 271 1119 334 385

84 435 169 500 lorii
190 434 328 501 bominis
353 428 532 517 necess'urii,
561 431 662 523 neque
687 437 827 516 honoris,
853 459 954 524 neque
975 440 1120 524 pecunia

84 559 255 625 dulcedine
286 581 356 624 sum
384 572 515 646 captus:
550 562 665 647 quibus
695 537 833 647 praeiniis
858 561 984 647 reliqui,
1014 563 1121 630 minius

83 683 169 767 apud
185 704 257 746 eum
273 687 368 768 qubm
384 705 444 768 ego
460 685 532 747 curn
547 693 689 770 possent,
705 683 909 748 immoderate
926 693 1001 749 sunt
1015 681 1119 750 ebusi.

84 807 193 892 Atque
218 807 312 870 etiam
337 827 386 871 res
412 805 572 870 familiaris
600 829 681 886 meu,
708 809 778 892 lege
808 805 943 880 Caelaris
965 807 1121 873 diminuta

82 938 156 989 est:
179 923 269 1012 cujus
284 926 438 991 beneficio
452 926 605 1012 plerique,
622 927 676 1011 qui
693 927 825 992 Caesoris
842 939 944 992 morte
958 929 1120 1009 laetantur,

83 1060 305 1113 remanserunt
334 1049 367 1112 in
398 1049 535 1116 civitate.
580 1049 712 1114 Civibus
741 1050 832 1114 victis
862 1061 900 1114 ut
927 1061 1118 1136 parceretur,

85 1171 180 1256 aequb
206 1191 241 1233 nc
267 1161 324 1255 pro
350 1174 420 1234 ruod
449 1173 551 1233 salute
578 1169 725 1234 laborovi.
770 1167 903 1236 Possum
930 1171 1037 1257 igitur,
1065 1171 1120 1260 qui

86 1313 200 1358 omnes
226 1291 377 1356 voluerim
403 1293 590 1372 incolumes,
616 1315 700 1371 eum,
730 1296 748 1357 ir
773 1315 836 1378 quo
863 1293 894 1357 id
915 1293 1119 1380 impetratum

86 1425 148 1496 est,
171 1419 288 1502 perisse
305 1437 369 1480 non
384 1413 560 1499 indignari3
584 1418 656 1479 cum
672 1416 846 1501 praesertim
862 1415 957 1480 iidem
973 1415 1120 1484 homines

86 1537 137 1602 illi
156 1547 188 1602 et
208 1537 334 1602 iuvidiae
355 1533 392 1602 et'
411 1535 507 1602 exitio
522 1537 663 1602 fuerint?
691 1535 841 1602 Plecteris
857 1559 944 1622 crgo,
959 1539 1127 1624 inquiunt,¹

86 1680 189 1748 quum
214 1660 335 1724 fuctum
363 1669 506 1724 nostrum
532 1658 708 1750 improbare
735 1659 844 1726 audes.
888 1659 918 1724 O
941 1660 1121 1746 superbiam

89 1781 264 1847 inauditum
276 1782 294 1844 l*
310 1781 387 1844 alios
402 1779 436 1844 in
450 1779 589 1874 facinore
608 1779 746 1864 gloriari,
772 1779 841 1844 aliis
857 1801 897 1843 ne
919 1779 1023 1845 dolere
1047 1779 1120 1867 qui-

85 1903 160 1968 dem
183 1901 340 1988 impunite
363 1901 481 1966 licere!
504 1902 548 1966 At
571 1901 640 1966 brec
655 1901 749 1966 etium
771 1901 867 1966 servis
888 1901 1123 1990 semperliberu

85 2023 231 2102 suerunt,
254 2003 414 2101 timerent,
434 2019 619 2106 gauderent,
642 2019 796 2101 dolerent,
817 2043 876 2086 suo
896 2021 1002 2107 potius
1024 2021 1121 2107 quim

89 2143 218 2208 alterius
241 2135 387 2208 arbitrior
412 2163 484 2228 qua
505 2163 603 2224 nunc,
624 2151 661 2208 ut
680 2141 807 2228 quidem
831 2139 885 2206 isti
906 2141 1064 2223 dictitant,
1079 2140 1122 2206 li·

87 2265 218 2332 bertotis
238 2273 393 2346 auctores,
418 2273 506 2330 metu
525 2265 618 2331 uobis
643 2275 828 2352 extorquere
849 2275 1015 2330 conentur.
1060 2261 1125 2330 Sed

89 2387 172 2454 nibil
191 2399 302 2472 agunt.
344 2385 475 2450 Nullius
488 2407 629 2470 unquam
648 2385 779 2469 periculi
797 2385 969 2450 terroribus
990 2387 1030 2450 ab
1051 2385 1121 2450 offi-

47 2485 55 2502 ⁶
89 2515 153 2592 cio,
176 2517 231 2573 out
251 2512 290 2573 ob
313 2508 508 2572 humanitate
529 2507 712 2570 desciscam.
756 2505 931 2592 Nunquam
952 2505 1038 2571 euim
1061 2505 1121 2572 bo·

86 2643 211 2701 neotum
238 2643 373 2695 mortem
394 2629 589 2714 fugiendum,
613 2646 697 2714 saepc
716 2627 810 2693 etium
830 2611 1039 2714 oppetendam
1058 2651 1120 2713 pu·

89 2757 167 2823 tavi.
212 2755 275 2820 Sed
297 2753 373 2840 quid
394 2751 474 2818 mibi
494 2763 692 2830 succensent,
713 2749 739 2815 si
755 2747 786 2816 id
799 2761 886 2838 opto,
909 2761 947 2815 ut
963 2751 1121 2838 poeniteat

90 2901 145 2947 eos
155 2877 210 2972 poi
226 2877 323 2944 lacti?
348 2875 452 2962 Cupio
472 2857 557 2940 enlm
582 2873 715 2938 Caesaris
737 2881 871 2938 mortem
890 2873 1038 2939 omnibus
1053 2895 1122 2940 esse

90 3003 245 3070 acerbum.
289 3001 334 3066 At
357 2999 459 3065 debeo
485 3021 543 3085 pro
567 2995 652 3062 civili
676 3007 764 3082 parte
789 2995 1016 3084 rempublicam
1040 2997 1121 3064 velle

91 3125 220 3192 solvam.
265 3123 302 3188 ld
326 3121 453 3208 quidem
477 3139 528 3185 me
544 3141 670 3205 cupere,
693 3119 753 3184 nisi
773 3129 805 3184 et
828 3123 900 3184 oute
916 3129 986 3184 acto
1000 3117 1074 3202 vito,
1088 3131 1123 3186 ct

89 3247 211 3336 reliquo
235 3269 413 3334 menopes,
442 3255 567 3310 tecente
593 3266 655 3325 mc,
684 3245 809 3330 probat,
834 3243 968 3310 diceudo
997 3241 1123 3326 vincere

88 3395 154 3438 uon
167 3371 307 3458 postulo.
351 3369 457 3440 Quare
478 3365 628 3453 mojorem
647 3365 680 3431 in
704 3367 834 3432 modum
852 3377 884 3434 te
898 3389 987 3452 rogo,
1007 3383 1124 3437 utrem
1190 3409 1193 3414 ·

91 3491 247 3581 potiorem
262 3489 405 3556 oratione
419 3488 537 3570 ducus3
561 3485 753 3573 mihique,
728 3509 754 3551 sr
768 3487 865 3552 sentis
881 3463 1028 3572 expedire
1038 3493 1124 3554 recte

92 3613 174 3696 lieri,
201 3613 307 3680 credas
335 3613 457 3678 nullom
486 3609 743 3675 communionem
771 3631 846 3674 cum
874 3607 1028 3695 improbis
1054 3608 1123 3677 esse'
1174 3699 1176 3706 Ι

91 3759 195 3834 posse.
239 3737 289 3800 An
314 3733 400 3821 quod
426 3733 608 3798 adolescens
632 3729 777 3817 prestiti,
803 3734 877 3796 curn
898 3711 1000 3798 'etlam
1023 3707 1154 3799 errarem

95 3882 170 3930 cum
185 3855 388 3925 excusatione
407 3875 547 3944 possem,
563 3851 593 3918 id
613 3875 697 3920 nuuc
715 3865 808 3922 aetute
823 3834 1123 3944 precipititd'couu·

566 3975 631 4044 SD
