2750 4510
256 268 316 324 110
428 295 431 305 ·
616 257 671 320 En
692 253 743 319 M.
764 251 931 319 ‘sufflo

245 429 305 496 istu
320 449 413 494 causa
428 430 498 494 cst?
526 427 613 492 Mar.
628 427 723 506 Quia,
740 427 766 490 si
779 449 887 492 verum
900 427 1048 506 dicimus,
1060 427 1131 492 haec
1141 435 1286 510 cutmen,

247 565 280 618 et
295 551 390 640 hujus
406 552 509 618 fratris
526 552 589 616 mci
604 573 754 636 germana
774 549 893 636 putria:
917 550 993 616 hinc
1008 550 1094 614 enim
1111 549 1171 614 orti
1186 551 1288 637 stirpe

245 673 466 760 antiquissimi
480 694 611 736 smnus:
635 673 688 736 hic
711 693 809 752 sacru,
833 674 887 736 hio
915 693 1028 756 genus,
1051 669 1103 735 htc
1126 669 1286 758 majorum

244 801 347 864 multa
362 797 506 882 vestigia.
552 796 638 866 Quid
653 799 767 880 plura?
792 797 876 860 hanc
898 795 986 860 vides
1010 795 1128 874 villam,
1144 807 1181 859 ut
1197 819 1286 862 nunc

247 918 375 1004 quidem
399 925 458 994 est,
475 915 593 980 lautius
616 913 803 982 aedificatum
826 914 924 1000 putris
941 913 1040 978 nostri
1064 914 1190 994 studio;
1214 915 1286 1002 qui,

244 1045 318 1106 sirm
334 1050 416 1104 essct
430 1038 552 1102 irrfirrnrt
564 1035 755 1118 valetudine,
768 1039 822 1102 hic
833 1039 895 1102 ferd
907 1047 1036 1104 aetutem
1048 1038 1114 1122 egit
1124 1037 1157 1101 in
1169 1038 1282 1114 literis.

247 1163 309 1228 Sed
325 1164 387 1227 hoc
403 1163 473 1248 ipso
497 1163 529 1226 in
554 1166 625 1228 ioco
648 1165 719 1227 edm
744 1185 820 1226 urus
844 1161 973 1240 vireret,
990 1173 1022 1228 et
1047 1161 1179 1248 antiquo
1194 1185 1283 1231 more

245 1309 339 1374 parra
355 1299 437 1354 essct
453 1287 538 1366 viiia,
555 1293 602 1372 (ut
620 1289 673 1352 illu
684 1288 823 1354 Curiano
836 1287 867 1352 in
884 1287 1036 1368 Sabinis,)
1053 1309 1103 1351 mc
1119 1289 1200 1353 scito
1216 1311 1285 1353 esse

245 1423 367 1476 nutum.
397 1413 503 1481 Quure
519 1411 603 1475 inest
617 1411 724 1476 nescio
740 1411 827 1496 qnid,
840 1413 959 1475 etiutet
972 1411 1003 1474 in
1016 1409 1123 1474 animo
1136 1431 1173 1474 ac
1186 1433 1284 1476 sensu

249 1553 332 1612 meo,
348 1553 411 1616 quo
427 1553 478 1596 me
494 1533 566 1616 plus
591 1531 644 1595 iric
662 1533 758 1594 docus
784 1535 918 1595 fortusse
932 1531 1088 1594 delectet:
1113 1530 1140 1592 si
1156 1529 1286 1615 quidem

251 1655 347 1720 etiam
363 1655 415 1720 iile
431 1649 686 1742 sapientissimus
702 1651 759 1732 vir,
772 1652 913 1716 ithacum
928 1661 963 1714 ut
977 1651 1107 1730 videret,
1120 1651 1284 1716 immorta-

249 1779 370 1844 iitutem
387 1779 535 1842 scribitur
550 1777 745 1862 repudidsse.

288 1901 356 1962 Au.
373 1897 445 1981 Ego
462 1899 533 1960 vcrd
549 1897 607 1961 tibi
631 1897 723 1960 istum
744 1893 866 1981 justum
890 1919 1017 1960 cuusarn
1039 1907 1131 1982 puto,
1148 1905 1205 1961 cut
1219 1897 1282 1962 huc

245 2021 395 2086 libentius
411 2019 530 2100 venias,
542 2030 637 2106 atque
653 2021 738 2083 hunc
751 2022 858 2084 iocum
870 2021 994 2105 diligas.
1017 2021 1105 2092 Quin
1117 2021 1198 2107 ipse,
1209 2025 1281 2086 vere

250 2144 365 2224 dicum,
381 2165 452 2208 sum
466 2141 527 2228 ipsi
536 2141 620 2208 viliae
632 2141 761 2212 amicior
772 2143 867 2206 modo
876 2145 991 2224 factus,
1003 2153 1098 2230 atquc
1110 2143 1185 2210 huic
1196 2143 1286 2210 omni

247 2271 330 2348 solo,
345 2268 379 2334 iu
401 2288 465 2352 quo
489 2277 526 2332 tu
552 2275 639 2330 ortus
663 2277 695 2332 et
718 2279 900 2354 procreatus
916 2291 962 2334 es.
1008 2269 1178 2334 Movemur
1194 2269 1278 2334 enirn

247 2391 354 2458 nescio
370 2414 433 2478 quo
448 2401 542 2476 pacto
555 2389 634 2455 iocis
654 2390 742 2476 ipsis,
758 2391 791 2456 in
815 2391 931 2476 quibus
946 2415 1066 2472 eorum,
1081 2415 1160 2478 quos
1175 2393 1281 2478 diligi·

247 2537 322 2580 mus
347 2525 402 2580 aut
426 2513 627 2594 admiramur,
649 2513 765 2582 adsunt
785 2513 926 2597 vestigia.
971 2515 1029 2580 Me
1056 2513 1184 2600 quidem
1205 2515 1281 2601 ipsiu

253 2639 317 2704 iliae
333 2649 449 2704 nostrus
465 2637 601 2702 Atheneo
617 2659 682 2700 non
697 2645 762 2700 ram
777 2635 924 2722 operibus
941 2636 1127 2722 magnificis,
1139 2637 1280 2724 exquisi-

248 2766 352 2850 tisque
374 2760 576 2848 antiquorum
600 2759 721 2825 artibus
742 2759 913 2840 delectant,
943 2763 1038 2845 quim
1062 2761 1279 2828 recordatione

249 2909 447 2954 summorum
477 2887 626 2966 virorum,
656 2885 710 2948 ubi
742 2883 876 2970 quisquo
900 2885 1053 2966 habiture,
1078 2886 1135 2951 ubi
1161 2887 1281 2970 sedere,

249 3011 305 3078 ubi
320 3011 479 3095 disputare
491 3012 531 3074 sit
543 3009 672 3074 solitus:
690 3009 895 3094 studiosique
906 3031 1014 3074 eorum
1028 3009 1122 3074 ctiunr
1136 3014 1283 3098 scpulcra

254 3134 465 3218 contemplor.
509 3135 616 3204 Quc're
640 3133 748 3215 istum,
764 3131 819 3196 ubi
845 3143 880 3196 tu
903 3155 937 3196 cs
961 3143 1068 3216 notus,
1083 3137 1286 3228 plusqamabo

250 3259 383 3348 posthac
399 3258 517 3320 locum.

293 3383 380 3448 Mur.
398 3380 530 3446 Gaudeo
545 3380 654 3466 igitur,
670 3401 721 3445 me
745 3381 939 3447 incunabulo
960 3389 1054 3470 prend
1071 3407 1142 3450 meu
1156 3385 1216 3451 ribi
1230 3409 1281 3452 os·

250 3505 402 3570 tendisse.
448 3506 515 3570 Art.
532 3505 575 3570 Et
590 3505 717 3592 quidem
734 3527 785 3570 rne
798 3511 951 3591 cogndsse
964 3507 1134 3574 admodum
1147 3511 1283 3594 gaudeo.

252 3629 315 3694 Sed
331 3629 407 3696 iliud
423 3643 530 3696 tamen
545 3631 640 3716 quale
656 3641 714 3712 cst,
731 3631 816 3717 quod
830 3631 937 3718 paullo
957 3637 1030 3697 unte
1045 3633 1175 3698 dixisti:
1200 3635 1284 3699 hunc

252 3755 360 3820 locum
380 3755 476 3840 (idem
492 3777 552 3842 ego
576 3765 608 3820 te
632 3755 752 3843 accipio
777 3755 880 3820 dicere
905 3755 1074 3841 Arpinum)
1101 3779 1282 3842 germanum

254 3875 386 3970 putrium
397 3897 465 3942 esse
475 3881 629 3946 vestram?
644 3877 802 3966 numquid
810 3901 865 3944 vos
875 3879 953 3944 duos
963 3879 1084 3944 habetis
1094 3880 1233 3972 patrias?
1246 3901 1284 3948 an
