2804 4524
519 323 764 398 CICERONE-

279 652 455 734 Paetum.
482 655 566 734 Lib.
593 661 625 737 Ι.
652 664 712 740 De
737 663 1004 746 ORATORE.

434 891 489 960 De
511 895 618 964 Studio
641 901 839 988 Eloquentiae.

120 1025 419 1164 OOGITANTI
447 1096 526 1162 milri
548 1101 777 1184 saepenumero,
811 1111 845 1166 et
872 1101 1026 1167 memorii
1049 1112 1155 1170 vetera

116 1219 290 1304 repetenti,
311 1221 454 1306 perbeati
480 1221 592 1304 fuisse,
621 1223 762 1294 Quinete
787 1227 895 1306 frater,
922 1227 970 1290 illi
984 1227 1080 1292 videri
1100 1251 1153 1294 so·

116 1339 201 1422 lent,
220 1341 325 1428 quiin
341 1343 463 1430 optimi
483 1345 657 1430 republiet3
681 1349 755 1412 enm
771 1361 803 1412 et
817 1343 990 1416 honoribus
1004 1357 1037 1414 et
1051 1371 1155 1416 rerum

116 1475 282 1549 gestarum
303 1461 403 1550 gioria
417 1467 576 1548 florerent,
591 1489 664 1532 eum
680 1469 755 1533 vitae
770 1491 899 1536 cursum
913 1481 1022 1536 tenere
1037 1483 1153 1558 potue·

118 1599 210 1669 runt,
225 1593 263 1652 ut
276 1585 327 1652 vel
339 1589 373 1653 in
390 1587 522 1673 negotio
537 1589 606 1654 sine
620 1589 777 1675 periculo,
792 1593 841 1654 vel
858 1591 891 1656 in
908 1591 974 1656 otio
992 1615 1066 1658 eura
1081 1593 1153 1680 dig-

120 1711 223 1777 nitate
237 1729 307 1775 osse
321 1719 464 1798 possent.
501 1713 550 1776 Ae
564 1713 627 1776 fuit
642 1723 769 1798 ternpus
784 1712 875 1796 illud,
890 1718 965 1780 eum
978 1715 1057 1780 mihi
1072 1734 1154 1802 quot

117 1855 185 1921 que
199 1831 330 1900 initium
340 1835 570 1920 requiescendi,
586 1845 679 1921 atque
691 1835 834 1902 animum
848 1839 888 1904 nd
901 1839 1068 1928 utriusque
1080 1854 1155 1907 ues-
1206 1879 1216 1910 ι

117 1961 208 2025 trum
222 1959 374 2044 preclara
388 1955 493 2024 studia
507 1959 672 2041 referendi,
697 1960 764 2025 lore
781 1959 919 2048 justum,
942 1970 974 2028 et
995 1970 1094 2051 prope
1115 1967 1155 2032 ab

116 2053 273 2148 omnibus
288 2095 477 2148 eoncessum
492 2057 561 2146 esse
578 2081 754 2164 arbitrarer,
775 2084 802 2150 si
817 2076 961 2152 inlinitus
978 2087 1154 2156 forensium

117 2220 228 2270 rerum
242 2201 342 2285 labor,
367 2211 400 2270 et
424 2203 607 2270 ambitionis
623 2199 804 2292 occupatio,
827 2207 963 2274 decursu
985 2209 1154 2294 bonorum,

119 2327 220 2395 etiain
233 2327 338 2394 etatis
352 2329 436 2392 flexu
453 2327 660 2394 constitisset.
696 2329 803 2401 Quam
818 2343 907 2416 spent
923 2333 1155 2416 cogitationum

121 2461 154 2516 et
170 2448 379 2517 consiliorum
395 2473 550 2534 meorum,
573 2455 645 2517 edm
659 2472 769 2537 graves
785 2453 1007 2519 communium
1029 2467 1156 2542 tempo·

120 2593 207 2656 rum,
229 2585 301 2639 tum
316 2573 393 2640 varii
409 2575 506 2639 nostri
527 2597 619 2640 casus
634 2573 829 2642 fefellerunt.
874 2576 960 2641 Nam
988 2579 1043 2664 qui
1066 2581 1155 2644 loeus
1230 2640 1232 2646 .

120 2697 241 2784 quietis
264 2707 297 2764 et
319 2697 557 2784 tranquillitatis
580 2697 783 2783 plenissimus
798 2697 866 2764 iore
880 2701 1055 2780 ridebatnr,
1069 2701 1102 2763 in
1117 2721 1156 2766 eo

116 2819 275 2888 maxime
297 2823 515 2888 molestiarum
530 2827 563 2884 et
577 2819 862 2886 turbulentissime
876 2830 1081 2905 tempestates
1100 2843 1156 2888 ex-

124 2945 290 3012 stiterunt.
334 2943 449 3029 Neque
461 2945 534 3008 verb
547 2941 854 3030 nobiseupientibus
867 2949 963 3029 atque
977 2947 1158 3030 exoptanti-

118 3069 185 3134 'bus
200 3071 324 3134 fruetus
339 3067 397 3132 otii
412 3069 504 3133 datus
519 3075 568 3132 est
582 3069 621 3132 ad
642 3075 800 3146 essuries,
815 3066 931 3152 quibus
947 3071 965 3132 d
980 3070 1086 3153 pueris
1101 3069 1158 3135 do-

124 3189 183 3254 dlti
206 3187 341 3270 mimus
361 3188 576 3268 celebrandus,
601 3187 747 3272 interque
764 3207 822 3252 nos
836 3189 1029 3254 recolendas.
1072 3189 1159 3254 Nam

125 3311 228 3398 primi
243 3318 336 3376 aetate
351 3307 520 3375 incidimus
535 3309 567 3373 in
581 3310 680 3395 ipsam
695 3309 964 3395 perturbationem
979 3309 1158 3396 disciplinis

125 3431 265 3512 veteri83
285 3429 325 3508 [et
345 3433 513 3495 consulatu
534 3429 717 3493 devenimus
741 3427 774 3492 in
802 3429 941 3500 medium
960 3449 1065 3494 rerum
1086 3451 1158 3496 om-

126 3553 218 3617 nium
243 3561 402 3616 certamen
428 3559 523 3636 atque
550 3549 743 3616 discrimen:
770 3557 802 3615 et
827 3551 888 3615 hoe
913 3556 1041 3636 ternpus
1064 3571 1159 3620 omne

128 3683 201 3760 post
221 3675 425 3742 consulatum
447 3665 623 3760 objeeiullls
646 3671 686 3737 iis
709 3671 872 3754 fluetibus,
895 3673 961 3759 qui,
982 3695 1038 3761 per
1060 3679 1160 3742 nesi

128 3797 292 3864 communi
304 3807 396 3885 peste
410 3795 549 3883 depulsi,
565 3797 599 3861 in
611 3795 823 3882 nosmetipsos
837 3795 1064 3865 redundarunt.
1096 3799 1160 3865 Sed

128 3931 236 4006 tamen
251 3921 285 3986 in
300 3921 349 3987 his
366 3923 414 3986 vel
429 3919 651 4008 asperitatibus
667 3939 786 4008 rerum,
801 3919 852 3984 rel
866 3919 1023 4004 angustiis
1034 3931 1159 4012 tempo·

234 4023 237 4046 ¹
612 4043 638 4106 c
661 4053 681 4107 2
