2748 4472
260 247 325 324 310
613 344 615 354 y
668 245 894 314 EPISTOLAE

262 417 363 482 monii
379 417 436 496 tui,
452 419 501 481 vel
521 417 639 483 indicio
656 421 900 503 benevolentiae,
923 424 971 486 vei
988 421 1145 488 suavitate
1162 421 1294 508 ingenii,

261 538 323 604 vivi
339 541 546 625 perfruamur.

304 667 419 754 Neque
438 679 542 732 tamen
559 668 629 732 haee
644 671 715 734 cbm
733 669 919 748 scribebam,
936 689 1019 735 mam
1037 667 1180 748 nescius,
1197 689 1300 754 quau·

261 785 304 852 tis
316 786 464 852 oneribus
478 790 649 872 premerere
660 797 876 873 susceptarum
892 810 994 852 rerum
1008 783 1117 872 etjam
1135 787 1299 851 instituta·

257 931 348 988 rum3
372 909 427 974 sed
437 909 512 995 quia
523 909 665 974 videbam
680 909 784 974 Italici
795 910 869 974 belli
885 909 1030 1000 etncirilis
1046 909 1215 974 historiam
1227 907 1294 994 jam

260 1037 278 1098 i
295 1042 326 1096 te
343 1037 424 1118 pene
437 1053 505 1097 esse
516 1035 699 1119 perfectam,
708 1033 830 1097 dixeras
843 1041 948 1098 autem
961 1033 1042 1102 mihi
1053 1045 1084 1096 te
1097 1033 1236 1118 reliquas
1248 1055 1297 1095 res
1360 1055 1362 1126 j

258 1155 372 1234 ordiri3
389 1156 497 1220 deesse
513 1155 591 1220 mibi
608 1155 709 1236 nolui,
719 1155 794 1240 quin
809 1165 840 1220 te
855 1155 1054 1219 admonerem
1072 1165 1110 1219 ut
1129 1155 1296 1240 cogitares,

241 1275 473 1366 ‘conjunctene
496 1281 605 1342 malles
629 1301 703 1342 cum
719 1277 846 1364 reliquis
867 1279 959 1342 rebus
978 1291 1086 1343 nostra
1111 1277 1294 1358 contexere,
1361 1355 1362 1358 Ἴ

256 1423 308 1480 an,
331 1409 368 1467 ut
391 1401 484 1466 multi
508 1401 613 1466 Grraci
637 1405 792 1480 fecerunt,
810 1401 1032 1484 (Callisthenes
1046 1401 1204 1464 Troicum
1221 1403 1290 1465 bel·
1359 1361 1362 1540 1

251 1524 329 1600 lum,
344 1523 486 1588 Timaeus
499 1521 622 1608 Pyrrhi,
645 1521 795 1616 Polybius
821 1521 1078 1600 Numantinum
1102 1509 1160 1610 qui
1176 1543 1288 1606 omnes
1360 1541 1362 1582 ι

257 1643 450 1729 bperpetuis
465 1641 531 1708 suis
550 1639 688 1708 historiis
704 1663 750 1722 ea,
766 1663 837 1727 quae
854 1641 928 1720 dixi,
946 1641 1029 1704 bella
1050 1639 1287 1725 separaverunt)
1361 1729 1362 1750 Χ

262 1773 298 1829 tu
314 1785 440 1852 quoque
462 1765 538 1830 item
557 1763 681 1833 civitem
702 1761 952 1850 conjurationem
978 1765 1018 1826 ab
1042 1761 1217 1830 hostilibus
1233 1785 1287 1830 ex-

122 1957 139 1976 κ
256 1885 420 1972 ternisque
433 1885 526 1950 bellis
543 1883 736 1970 sejungeres.
780 1883 936 1974 Equidem
952 1885 990 1950 ad
1006 1894 1151 1950 nostram
1165 1885 1290 1955 laudem
1361 1887 1362 1890 ’

254 2032 320 2078 ιιοιι
337 2012 475 2078 multdm
490 2009 582 2076 video
597 2011 748 2076 interesse
757 2035 767 2090 3
792 2011 847 2074 sed
862 2011 900 2074 ad
915 2009 1172 2096 properationem
1187 2032 1288 2076 meam

254 2129 405 2216 quiddam
419 2131 559 2214 interest,
575 2153 640 2196 non
656 2141 688 2196 te
700 2139 891 2217 aspectare,
907 2129 984 2194 dum
996 2129 1035 2194 ad
1046 2131 1157 2194 locum
1173 2131 1287 2210 venias,

253 2249 408 2324 utstatim
423 2271 550 2317 causam
564 2251 651 2316 iilam
665 2261 764 2316 totam
785 2259 817 2314 et
841 2259 974 2341 tempus,
991 2247 1138 2335 arripere.
1183 2247 1230 2315 Et
1246 2249 1286 2315 si-

249 2373 354 2440 mulsi
367 2395 433 2439 uno
445 2373 477 2440 in
492 2378 689 2462 argrunento,
701 2377 827 2460 unaque
838 2372 872 2438 in
884 2375 1029 2458 persona,
1042 2393 1135 2440 mens
1151 2383 1210 2441 tua
1221 2383 1285 2455 totu¹
1360 2419 1361 2432 ,

248 2497 436 2588 versabitur,
452 2518 546 2564 cerno
556 2494 624 2586 jam
639 2497 755 2578 animo,
770 2498 889 2584 quautb
904 2494 1013 2560 omnia
1026 2495 1177 2563 uberiora
1193 2507 1285 2584 atque

248 2623 408 2702 ornatiora
422 2623 529 2690 futura
543 2621 619 2687 sint.
966 2705 969 2712 Ι

291 2747 405 2838 Neque
419 2733 535 2824 ‘tamen
558 2743 682 2832 ignoro,
717 2746 813 2829 quim
845 2723 1045 2832 impudenter
1076 2741 1207 2824 faciam,
1233 2742 1287 2830 qui

249 2865 388 2954 primitur
410 2865 470 2942 tibi
494 2875 618 2931 tantum
642 2863 745 2938 oneris
769 2864 931 2950 imponam
942 2888 953 2944 3
977 2873 1084 2952 potest
1097 2865 1187 2930 enim
1207 2863 1286 2934 mibi
1360 2909 1361 2952 q

247 2993 403 3076 denegare
417 2989 585 3086 occupatio
599 2997 679 3062 tuas
701 2987 815 3054 deiude
830 2988 937 3066 etiam,
952 2995 989 3054 ut
1003 3007 1097 3056 ornes
1120 3009 1185 3069 me,
1207 3010 1285 3074 pos-
1360 2957 1361 3042 i

246 3119 359 3182 tulero.
402 3114 488 3192 Quid
510 3113 538 3178 si
552 3113 607 3188 illa
621 3111 682 3181 tibi
698 3120 941 3198 nontantopere
954 3109 1104 3176 videntur
1117 3109 1283 3176 ornanda?
1359 3055 1361 3184 i

244 3241 310 3311 sed
319 3252 437 3322 tamen,
448 3237 505 3324 qui
518 3237 615 3312 semel
627 3232 825 3310 verecundie
839 3233 918 3302 fines
930 3231 1102 3314 transierit,
1115 3255 1191 3298 eum
1201 3235 1282 3300 bene
1360 3289 1361 3302 ι

195 3377 198 3382 ’
245 3375 278 3432 et
293 3363 414 3442 naviter
428 3370 553 3448 oportet
567 3379 636 3434 esse
650 3357 881 3456 irnpudentem.
903 3355 1015 3442 Itaque
1030 3365 1063 3421 te
1076 3357 1174 3444 plane
1187 3357 1282 3422 etiam
1358 3313 1361 3510 Ι

242 3495 337 3574 atque
352 3488 448 3564 etiam
464 3505 552 3568 rogo,
566 3491 604 3548 ot
616 3496 649 3548 et
661 3503 755 3558 ornes
770 3479 1038 3580 eavehementibs
1053 3479 1163 3560 etiam,
1181 3481 1279 3567 quim

244 3612 378 3676 tortasse
390 3609 501 3690 sentis,
514 3619 546 3682 et
559 3607 592 3672 in
603 3628 642 3670 eo
654 3607 740 3690 leges
755 3601 896 3682 historio
906 3601 1067 3688 negligam
1083 3601 1282 3690 gratiamque

244 3735 343 3814 illam,
361 3733 400 3800 de
414 3737 477 3820 qud
498 3729 681 3799 suavissime
696 3727 833 3814 quodam
855 3727 887 3792 in
903 3727 1060 3814 prooemio
1078 3725 1246 3814 scripsisti,
1260 3729 1279 3792 ἰ

244 3857 308 3939 qua
321 3865 353 3919 ta
368 3852 491 3926 deflecti
505 3873 570 3926 non
585 3851 686 3946 magis
700 3850 841 3936 potuisse
856 3849 1064 3930 demonstras,
1079 3851 1179 3936 quim
1195 3848 1279 3916 Her-
