2804 4524
254 275 305 364 ‘72
563 351 568 359 ,
617 279 671 345 Es
692 269 742 344 Μ.
764 269 932 344 roomo

262 455 330 542 ejus
341 449 672 542 puiobritudiuemque
687 451 873 539 corrumpit.
916 449 992 522 Qui
1015 447 1158 519 coctura
1178 449 1297 518 bouri-

262 599 331 659 nes,
349 579 422 644 oum
436 575 581 662 quedem
594 575 689 640 etiem
703 576 854 662 murelum
872 583 1036 660 onpereut,
1059 593 1156 660 euque
1181 574 1296 642 oetei-

247 683 332 768 reut
356 722 415 765 neo
440 699 506 780 ubi,
528 717 587 762 nec
615 697 720 784 quotie
737 705 856 777 essent,
878 695 1021 762 funditus
1040 695 1092 760 ulii
1108 705 1296 763 everterunt

260 835 333 890 ‘suos
348 821 499 901 eisitutes,
514 819 567 884 ulii
585 819 646 907 ipsi
667 819 860 886 oeciderunt.
902 820 1012 903 Atque
1024 817 1058 883 bi
1079 819 1207 905 quidem
1227 839 1292 906 op-

210 1001 217 1012 .
263 942 340 1008 tirno
362 951 516 1026 petentes,
541 961 606 1005 non
633 950 696 1005 tum
723 942 898 1021 voluntate,
923 943 1019 1026 quim
1045 944 1155 1006 cursus
1183 961 1292 1006 errore

262 1066 426 1130 fulluntur.

302 1185 400 1266 Quid,
422 1186 476 1272 qui
490 1185 634 1271 pecunius
653 1185 836 1271 cupiditate,
859 1185 914 1270 qui
935 1187 1133 1271 voluptatum
1157 1183 1294 1251 libidine

263 1312 408 1374 seruntur
416 1331 425 1390 3
448 1329 644 1394 quorumque
658 1307 703 1372 itu
714 1308 939 1394 perturbantur
951 1305 1058 1390 enimi,
1069 1317 1107 1372 ut
1123 1329 1187 1372 non
1201 1309 1293 1372 mul·

264 1433 331 1496 turn
352 1430 456 1496 absint
473 1433 512 1494 nb
527 1429 661 1510 insanit,
675 1428 760 1516 quod
775 1427 996 1516 insipientibus
1011 1427 1168 1514 contingit
1182 1427 1292 1494 omni·

262 1557 334 1635 bus,
354 1553 403 1618 bis
423 1553 550 1616 nullone
570 1563 618 1617 est
638 1551 812 1618 adhibenda
829 1552 973 1618 emutio?
996 1552 1115 1632 utrbm,
1129 1551 1212 1636 quod
1227 1551 1292 1616 mi·

263 1680 325 1744 obs
352 1687 487 1741 noeesnt
510 1675 607 1738 uuimi
636 1673 870 1757 aegromtiones,
897 1677 993 1759 quim
1025 1673 1189 1761 eorporis?
1223 1674 1294 1755 An,

263 1795 348 1884 quod
359 1815 489 1880 corpore
503 1792 603 1856 curari
616 1792 750 1877 possint,
763 1791 940 1858 animorum
956 1795 1045 1858 nulls
1056 1791 1210 1860 medicine
1223 1793 1289 1860 sit?

262 1915 308 1982 At
317 1920 351 1976 et
361 1911 462 1976 morbi
472 1911 708 1996 perniciosiores
722 1913 891 1997 pluresque
903 1923 980 1976 sunt
990 1911 1098 1994 suimi,
1110 1915 1205 1997 quim
1216 1933 1290 1978 eor-

263 2029 360 2118 poris.
404 2029 452 2096 Hi
477 2027 561 2094 enirn
581 2027 642 2116 ipsi
655 2030 756 2096 odiosi
771 2041 858 2111 suut,
872 2030 959 2117 quod
974 2031 1012 2096 ed
1027 2031 1167 2098 animum
1187 2031 1291 2119 perti-

263 2158 354 2230 nent,
366 2169 501 2234 eumque
515 2147 710 2230 sollicitent3
732 2150 922 2238 onimusque
938 2173 1033 2238 eger,
1047 2161 1085 2216 ut
1097 2151 1141 2216 eit
1152 2149 1294 2234 Ennius,
1391 2213 1392 2216 ,

259 2288 386 2356 semper
393 2279 486 2349 errat,
496 2289 598 2355 neque
608 2269 795 2357 potiusque
806 2271 1060 2358 perpetipotestr
1076 2291 1190 2358 rupere
1199 2291 1289 2340 nuu-

264 2413 359 2483 quum
368 2390 493 2456 desinit.
543 2389 667 2462 Quibus
680 2391 805 2458 duobus
819 2393 949 2475 morbis,
962 2399 1012 2482 (ut
1026 2395 1171 2462 omittam
1179 2394 1287 2478 olion)

264 2513 450 2600 egritudine
459 2522 493 2578 et
501 2513 685 2598 cupiditate,
693 2513 748 2600 qui
756 2515 883 2580 undem
894 2517 1069 2601 possuutin
1078 2535 1291 2604 corporeesse

262 2637 443 2726 graviores?
467 2639 525 2722 qui
540 2639 612 2704 verb
624 2637 748 2722 probari
765 2649 883 2724 potest,
896 2649 934 2703 ut
948 2640 1009 2706 sibi
1028 2639 1145 2706 mederi
1162 2639 1291 2706 mimus

257 2781 329 2826 ¹non
343 2759 443 2847 possit
456 2762 467 2826 i
484 2759 544 2826 Est
557 2759 700 2846 proieotb
712 2759 808 2824 oninni
819 2761 985 2846 medicine,
996 2761 1212 2850 philosophias
1228 2785 1288 2830 ou-

260 2879 479 2966 jusouxilium
494 2903 570 2962 non,
585 2893 620 2948 ut
634 2881 668 2947 in
681 2883 818 2968 eorporis
832 2883 961 2966 morbis,
980 2883 1214 2971 petendumsst
1236 2885 1290 2950 io·
1354 2923 1358 2932 ·
1391 2939 1392 2970 ,

263 2995 325 3076 ris,
348 2998 556 3085 omnibusque
578 3001 690 3086 opibus
713 3001 906 3088 viribusque,
935 3016 972 3074 ut
993 3006 1176 3098 nosmetipsi
1194 3005 1290 3078 nobis
1317 2961 1352 3050 ⁸
1391 3023 1392 3090 i

264 3114 381 3204 mederi
393 3117 563 3204 possimus,
577 3122 798 3190 elaborandum
812 3135 872 3191 est.
