2804 4524
511 277 754 352 clcEltottll.
1101 295 1140 376 η

109 465 230 524 natura
241 453 438 542 perduceret.
484 453 716 537 Naucratem,
731 457 826 524 simul
840 467 938 544 atque
951 458 1028 526 editi
1043 460 1076 528 in
1091 463 1144 530 lu·

106 595 185 644 cem
211 585 245 642 et
272 575 411 662 suscepti
442 597 564 657 sumus,
587 577 621 642 in
643 578 730 644 omni
753 577 907 644 continue
927 579 1090 665 pravitate,
1111 591 1145 654 et

105 699 146 766 in
161 702 288 764 sumunt
299 697 486 783 opinionum
500 701 702 784 perversitate
711 723 891 782 versamur3
914 711 951 766 ut
963 705 1055 788 prend
1070 725 1144 772 oum

104 823 195 888 lacte
209 819 340 886 nutricis
351 841 487 887 errorem
499 821 620 886 suxisse
631 822 802 888 videamur.
846 821 929 888 Cum
944 826 1017 888 verd
1027 846 1142 911 parea-

103 943 200 1010 tibus
220 942 347 1022 redditi,
369 943 498 1008 demum
518 944 675 1028 magistris
689 944 792 1010 traditi
806 941 929 1027 suiuus,
943 957 1012 1040 tum
1032 947 1078 1012 ita
1088 969 1145 1012 va·

102 1065 165 1131 riis
187 1065 361 1130 imbuimur
382 1065 550 1146 erroribus,
586 1078 623 1132 ut
643 1068 773 1134 vanitati
793 1069 917 1151 veritas,
940 1080 971 1133 et
999 1069 1145 1156 opinioni

105 1188 306 1256 confirmatae
330 1197 441 1254 natura
461 1189 530 1274 ima
559 1190 659 1254 cedat.
704 1191 870 1258 Accedunt
895 1192 990 1260 etiam
1017 1169 1143 1279 poem

107 1307 170 1394 qui
183 1311 257 1374 cim
278 1329 426 1393 maguam
446 1309 583 1395 speeiem
603 1311 755 1376 doctrinm
777 1313 1002 1400 sapientiaque
1021 1300 1088 1400 prm
1112 1333 1146 1382 se

106 1431 266 1509 tulerunt,
281 1430 462 1509 audiuntur,
486 1431 862 1514 legumen-ediscuntur,
879 1445 911 1498 et
931 1435 1146 1504 inhorescunt

106 1552 240 1640 penitis
254 1551 288 1616 in
301 1553 474 1618 mentibus.

155 1673 238 1740 Cum
259 1676 332 1740 verd
348 1675 470 1740 accedit
492 1675 615 1756 eddeun
634 1677 723 1762 quasi
745 1677 902 1746 maximus
925 1679 1052 1765 quidam
1073 1703 1141 1746 ma-

106 1797 219 1885 gister,
233 1799 382 1884 populus,
397 1811 491 1884 atque
506 1799 610 1866 omnis
631 1801 773 1886 undique
787 1803 826 1868 ad
848 1802 925 1869 vitia
940 1805 1142 1872 consentiens

107 1918 296 1999 multitudo,
312 1927 381 1984 tum
393 1921 487 2004 plane
503 1917 662 1984 inficimur
675 1920 863 2006 opinionum
876 1921 1041 2008 pravitate,
1054 1928 1074 1990 t
1085 1945 1144 1992 ua·

106 2047 243 2130 turtque
263 2041 332 2128 ipst
343 2041 565 2123 desciscimus3
593 2053 631 2109 ut
645 2045 737 2110 nobie
758 2047 909 2132 optimam
934 2059 1076 2114 naturam
1088 2049 1141 2114 in·

106 2163 224 2232 vidisse
235 2164 409 2246 videantur,
430 2165 486 2250 qui
498 2165 577 2230 nihil
592 2166 706 2232 melius
722 2169 855 2250 homini,
871 2169 952 2236 nihil
967 2171 1068 2256 magis
1082 2191 1141 2236 ex·

105 2288 292 2375 petendum
307 2287 387 2354 nihil
402 2289 602 2374 prestantius
623 2289 809 2374 honoribus,
824 2293 974 2380 imperiis,
997 2295 1139 2382 populari

110 2411 215 2497 gloria
224 2409 468 2498 Judicaverunt3
490 2413 638 2500 adquam
655 2415 755 2480 fertur
775 2415 914 2502 optimus
928 2417 1073 2504 quisque,
1089 2441 1143 2518 vr·

106 2555 239 2622 remque
264 2536 351 2604 illam
373 2535 571 2602 honestatem
603 2549 764 2624 expetens,
786 2561 880 2625 quam
909 2561 1004 2606 unam
1031 2521 1142 2606 natura
1190 2617 1195 2632 .

110 2657 248 2724 maxime
272 2657 413 2756 inquirit,
429 2658 467 2758 ³in
484 2663 608 2722 summi
629 2659 780 2724 inanitate
793 2671 933 2724 versatur
943 2685 953 2739 3
977 2671 1141 2724 consecta-

109 2789 227 2862 turque
250 2779 370 2843 nullam
383 2775 576 2844 eminentem
591 2777 726 2862 effigiem
741 2777 876 2856 virtutis,
897 2777 952 2842 sed
967 2775 1135 2844 adumbra-

108 2909 176 2964 tam
190 2899 359 2984 imaginem
371 2899 491 2984 gloriae.
524 2900 585 2965 Est
597 2899 681 2964 enirn
696 2899 796 2984 gloria
810 2899 1063 2986 solidaquaedarn
1079 2925 1140 2980 ros,

109 3035 142 3088 et
157 3043 313 3110 expresso,
329 3047 394 3088 non
409 3025 604 3090 adumbrata.
648 3025 699 3090 Ea
721 3035 769 3088 est
782 3024 983 3090 consentiens
998 3027 1067 3090 laus
1082 3029 1139 3092 bo·

109 3167 235 3227 norum,
261 3145 442 3231 incorrupta
471 3168 534 3211 vox
555 3149 635 3212 bene
664 3146 879 3234 judicantium
901 3147 940 3212 de
966 3151 1140 3214 excellente

107 3269 248 3334 virtute:
271 3289 308 3332 ea
319 3267 427 3332 virtuti
441 3279 578 3350 resonat,
594 3281 744 3355 tanquam
760 3270 865 3356 imago
879 3271 1001 3355 glorier.
1045 3271 1139 3350 Quae,

107 3390 183 3476 quia
197 3395 282 3456 recte
298 3392 453 3456 factorum
468 3391 653 3476 plerumque
668 3413 773 3457 comes
789 3403 849 3474 est,
872 3415 937 3460 non
952 3403 1001 3458 est
1014 3393 1139 3460 ibonis

107 3511 182 3576 viris
197 3511 399 3596 repudianda.

150 3633 211 3698 llla
225 3645 343 3714 autem,
354 3655 426 3720 quae
437 3655 470 3699 se
481 3631 550 3720 ejus
562 3633 762 3702 imitatricem
784 3651 854 3712 esse
875 3637 954 3716 vult,
978 3638 1140 3702 temeraria
1209 3636 1214 3648 '

108 3767 204 3842 atque
215 3751 458 3837 inconsiderata,
470 3765 503 3822 et
514 3758 701 3844 plerumque
715 3769 916 3842 peccatorum
929 3758 1140 3848 vitiorumque

109 3875 277 3957 laudatrix,
303 3877 388 3944 lama
408 3877 580 3964 popularis,
596 3875 797 3944 simulatione
811 3879 987 3948 honestatis
1005 3883 1139 3948 formam

1244 1500 1257 1539 t
