2756 4484
668 199 912 280 nemone·

351 569 605 635 Auounureuun
628 570 743 666 lirun.
763 573 857 638 Xlll.
878 573 950 640 Lib.
965 573 1020 641 IV.
1036 577 1076 642 ad
1097 579 1210 644 ΒΑΜ.

266 769 467 841 Eaeulanlan
489 777 649 864 Nigidium
670 801 724 864 ape
737 781 851 846 redimis
871 783 1040 864 maralana,
1061 805 1150 848 suom
1165 787 1215 851 illi
1228 809 1298 871 ope-

281 933 285 942 ·
307 919 385 976 ram,
405 919 549 984 maremque
569 897 701 986 <ficum
719 903 881 986 pollicetur
889 927 905 982 ,·
924 915 1072 990 praterea
1093 929 1158 972 rem
1184 931 1301 974 ornnem

264 1029 282 1058 ¹⁴
298 1017 498 1102 familiarem.
543 1021 582 1088 ln
602 1033 733 1090 celrano
755 1025 902 1106 hortatur,
923 1040 958 1093 ul
978 1031 1053 1096 bona
1077 1031 1184 1096 arvino
1198 1029 1298 1115 sorli-

286 1175 288 1180 .
305 1161 362 1226 quoe
374 1143 415 1206 vil
428 1143 460 1208 in
470 1151 629 1230 utramque
639 1153 771 1229 parlari.

399 1351 449 1420 Μ.
463 1351 505 1418 Τ.
519 1353 556 1420 C.
592 1353 630 1420 P.
644 1351 824 1422 NIGIDIO
845 1353 1024 1424 ulduno.
1047 1357 1081 1422 S.
1094 1357 1142 1424 D.
1272 1400 1276 1409 -

258 1471 545 1620 'QUAERENTI
567 1531 645 1598 mihi
656 1531 779 1620 jamdiu
793 1535 872 1622 quid
886 1535 926 1599 nd
948 1547 980 1600 te
994 1535 1202 1624 potissimum
1217 1539 1296 1604 ucri·

264 1645 382 1723 berem,
404 1663 469 1710 non
492 1645 587 1710 modo
610 1653 766 1710 certares
791 1645 888 1725 nullu,
911 1645 966 1711 sed
984 1667 1024 1712 ne
1040 1669 1144 1732 genus
1164 1647 1296 1734 quidem

262 1771 421 1840 literarum
446 1771 608 1851 usitatum,
633 1771 779 1837 veniebat
804 1773 837 1838 in
864 1783 1015 1839 mentem.
1062 1773 1178 1854 Unam,
1207 1775 1294 1840 enim

263 1903 384 1980 panem
405 1903 437 1958 et
458 1891 718 1960 consuetudinem
739 1915 844 1959 eurum
868 1894 1083 1981 epistolarum,
1106 1873 1228 1982 quibus
1244 1919 1294 1961 ee-

262 2016 374 2082 eundis
388 2019 480 2082 rebus
497 2014 544 2082 uti
559 2017 747 2096 solebamus,
763 2025 888 2104 tempus
902 2015 1057 2104 eripuerat
1066 2042 1076 2097 ;
1099 2021 1292 2104 perfeceru-

262 2157 324 2224 que
339 2137 477 2216 fortuna,
493 2157 532 2199 ne
547 2135 623 2222 quid
638 2137 700 2201 tale
715 2137 850 2203 scribere
864 2157 998 2224 possem,
1008 2147 1063 2201 uut
1077 2136 1213 2201 omnino
1233 2157 1289 2202 co·

260 2259 368 2368 gitpre.
413 2257 661 2343 Relinquebatur
684 2257 771 2324 triste
787 2259 942 2346 quoddam
959 2267 991 2325 et
1012 2257 1172 2338 misenum,
1189 2269 1223 2324 et
1243 2257 1292 2324 his

262 2379 455 2468 temporibus
479 2391 737 2461 consentaneum,
761 2403 863 2466 genus
888 2381 1055 2446 literarum.
1101 2381 1137 2445 ld
1161 2403 1291 2469 quoque

261 2503 423 2570 deficiebat
447 2525 496 2568 me
507 2527 517 2584 ς
541 2503 574 2568 in
598 2525 662 2589 quo
677 2503 812 2568 debebat
827 2525 895 2568 esse
910 2513 966 2568 aul
985 2503 1153 2590 promissio
1179 2505 1290 2569 auxilii

259 2623 405 2713 alicujus,
420 2633 475 2689 aut
488 2623 663 2689 consolatio
677 2623 792 2688 doloris
806 2621 865 2688 tui.
908 2623 1003 2693 Quod
1022 2625 1199 2710 pollicerer,
1220 2645 1289 2689 non

258 2757 347 2814 erut:
370 2749 437 2833 ipse
450 2747 535 2812 enim
550 2745 616 2834 pari
630 2749 758 2811 fortuni
776 2743 929 2832 abjectus,
945 2745 1078 2811 aliorum
1100 2745 1216 2832 opibus
1231 2769 1287 2814 u·

259 2889 313 2932 aus
331 2887 418 2930 meos
440 2869 655 2931 sustentabum
663 2889 674 2948 3
697 2865 876 2952 supinaque
891 2867 969 2932 mihi
984 2867 1130 2937 veniebat
1144 2868 1178 2932 in
1193 2891 1288 2934 men-

231 3055 234 3062 ,
259 2997 323 3056 tem
337 2987 438 3074 queri,
453 2987 537 3078 quiid
552 2987 596 3051 itu
610 2987 757 3070 viverem,
769 2991 865 3076 quim
877 2989 1026 3076 gaudere,
1037 2991 1121 3075 qudd
1139 2991 1289 3060 viverem.

257 3111 447 3198 Quanquam
462 3109 546 3174 enim
563 3111 651 3176 nulla
665 3110 820 3197 meipsum
836 3095 986 3198 'privatim
1006 3112 1129 3202 pepulit
1152 3113 1289 3200 insignia

257 3229 371 3319 injurio
382 3255 393 3311 ;
416 3253 475 3297 nee
490 3231 567 3296 mihi
584 3231 753 3318 quidquam
775 3233 832 3298 tali
854 3241 995 3320 tempore
1018 3233 1051 3298 in
1072 3245 1216 3301 mentem
1230 3259 1287 3300 ve·
1369 3223 1370 3284 l

257 3353 305 3420 nit
326 3365 445 3440 optare,
467 3354 551 3440 quod
573 3377 637 3418 non
658 3355 741 3421 ultrd
756 3355 834 3420 mihi
853 3353 961 3421 Cursor
980 3355 1154 3438 detulerit3
1176 3367 1285 3424 tumen

227 3471 230 3482 '
257 3473 461 3541 nihilominus
483 3473 527 3538 eis
544 3473 695 3539 conficior
716 3473 810 3554 euris,
833 3485 871 3540 ut
892 3475 1007 3561 ipsum,
1029 3475 1117 3562 quod
1136 3499 1283 3544 maneum

256 3593 290 3660 in
304 3593 380 3675 vill,
393 3616 522 3682 peeeure
538 3615 588 3660 me
603 3595 791 3660 existimem.
838 3595 936 3660 Cuneo
952 3595 1037 3660 enim
1052 3599 1126 3662 'eum
1142 3599 1284 3664 familia-

251 3711 380 3782 rissimis
402 3713 522 3796 multis,
535 3737 616 3802 quos
637 3725 692 3782 aut
707 3737 792 3782 mors
807 3697 922 3803 eripuit
938 3717 1042 3800 nobis,
1064 3727 1121 3784 aul
1134 3717 1281 3786 distruxit

255 3837 348 3922 luga3
372 3843 442 3900 tum
456 3835 606 3903 omnibus
620 3835 740 3919 amieis,
755 3859 890 3928 quorum
912 3837 1168 3906 benevolentium
1191 3840 1285 3906 nobie
