2804 4524
269 287 309 346 26
624 279 677 342 Eu
699 277 749 343 M.
771 275 938 344 TULLlO

270 455 345 518 curn
359 448 539 536 prestantis
563 449 597 516 in
623 451 785 538 republlct
805 451 874 533 vlri,
901 463 971 518 tum
986 455 1068 520 bene
1094 461 1235 532 morata,
1262 461 1297 516 et

258 575 353 642 ‚bene
368 571 554 640 constituto
569 571 716 639 civitatis.
760 571 855 642 Qubd
869 572 897 638 si
911 571 973 638 luit
987 572 1021 638 in
1035 573 1197 660 republica
1211 583 1298 638 tcm-

269 715 332 782 pus
347 697 461 776 ullum,
484 697 558 760 cum
572 703 758 780 extorquere
773 717 859 762 arma
871 701 1012 782 possete
1027 695 1174 762 manibus
1199 695 1299 762 irato·

271 839 344 884 rum
359 819 475 884 civium
490 818 567 884 boui
582 818 658 886 civis
684 819 851 886 auctoritas
871 831 904 884 et
930 819 1041 900 oratio,
1053 830 1134 886 -tum
1155 819 1301 906 proleetb

272 937 347 1018 fuit,
373 941 447 1004 cdm
469 937 681 1023 patrocinium
701 939 788 1026 pacis
803 941 967 1005 exclusum
981 949 1031 1004 est
1045 950 1101 1005 aut
1115 961 1218 1006 errore
1236 939 1299 1004 ho·

272 1059 408 1140 minum,
424 1069 479 1128 aut
492 1059 617 1126 timore.
661 1061 711 1126 lte
725 1061 959 1148 nobismetipsis
974 1060 1099 1143 accidit,
1125 1072 1175 1142 ut,
1195 1081 1299 1148 quan·

274 1205 369 1270 quam
382 1193 488 1250 essent
502 1186 605 1250 multo
619 1184 721 1269 magis
735 1184 796 1250 alia
809 1185 958 1270 lugenda,
973 1193 1080 1250 tamen
1094 1184 1156 1249 hoc
1177 1183 1300 1250 dolere·

273 1329 357 1388 mus,
368 1307 464 1396 quod,
475 1329 539 1395 quo
551 1319 692 1396 tempore
706 1319 782 1374 ctas
797 1319 914 1390 nostra,
927 1309 1096 1396 perfuncta
1117 1309 1211 1374 rebus
1225 1329 1298 1374 am·

261 1431 432 1520 plissimis,
448 1441 598 1519 tanquam
612 1433 645 1498 in
660 1443 787 1520 portum
802 1435 974 1518 confugere
988 1431 1129 1514 deberet,
1152 1451 1218 1496 non
1243 1429 1297 1496 in·

274 1555 374 1636 ertiae,
397 1577 500 1642 neque
522 1555 663 1638 desidie,
691 1555 747 1622 sed
770 1555 830 1620 otii
853 1553 1006 1620 moderati
1031 1567 1126 1640 atque
1148 1551 1299 1620 honesti:

276 1682 412 1768 eumque
425 1679 600 1766 ipsaoratio
610 1677 677 1764 jam
689 1689 797 1743 nostra
806 1688 996 1758 canesceret,
1007 1677 1201 1763 haberetque
1211 1697 1302 1742 suam

260 1798 433 1884 ,quandam
460 1797 687 1876 maturitatem,
721 1805 754 1860 et
779 1795 869 1881 quasi
891 1805 1099 1876 senectutem,
1119 1805 1190 1860 tum
1215 1815 1304 1860 arma

262 1929 352 1990 sunt
366 1939 404 1986 ea
418 1929 556 2006 sumpta,
570 1919 686 2004 quibus
702 1919 748 1984 illi
769 1917 841 2006 ipsi,
856 1918 912 2006 qui
926 1918 1099 1984 didicerant
1113 1919 1158 1982 eis
1170 1919 1218 1984 uti
1228 1920 1302 2006 glo·

260 2043 371 2124 -riose,
385 2042 651 2130 quemadmodum
675 2040 852 2108 salutariter
878 2051 1051 2122 uterentur,
1076 2063 1141 2108 non
1166 2039 1305 2128 reperie-

161 2205 167 2218 ·
245 2175 253 2188 '
276 2165 369 2230 bant.
416 2163 524 2248 ltaque
539 2163 561 2226 ii
575 2163 653 2228 mihi
667 2162 816 2228 videntur
826 2165 986 2228 fortunate
1009 2165 1162 2248 beateque
1175 2162 1304 2244 vixisse,

277 2287 351 2351 oiim
361 2251 398 2350 in
412 2284 535 2350 ceteris
551 2283 741 2364 civitatibus,
764 2291 834 2349 turn
854 2283 988 2348 manime
1003 2282 1037 2348 in
1052 2287 1173 2365 nostra,
1188 2283 1305 2370 quibus

277 2411 350 2476 edm
365 2407 564 2488 auctoritate,
579 2429 746 2494 rerumque
758 2417 919 2492 gestarum
934 2406 1047 2492 gloria,
1060 2419 1129 2474 tum
1142 2405 1238 2474 etiam
1250 2429 1303 2472 sa-

276 2527 405 2616 pientire
420 2527 510 2592 laude
525 2527 643 2614 perfrui
658 2527 761 2592 licuit.
804 2527 949 2598 Quomm
971 2527 1176 2594 memoriast
1199 2550 1305 2594 recor-
1397 2535 1398 2566 l

278 2775 350 2856 fuit,
364 2779 438 2852 curu
452 2773 486 2840 in
501 2795 570 2838 eam
586 2793 686 2860 nuper
697 2795 737 2838 ex
751 2793 895 2838 sermone
909 2773 1046 2858 quodam
1060 2771 1293 2838 incidissemus.

264 2943 268 2952 .
322 2897 407 2960 Nam
423 2899 494 2960 cum
506 2891 731 2960 inambularem
748 2894 781 2958 in
792 2905 898 2979 xysto,
909 2905 941 2958 et
954 2915 1056 2960 essem
1071 2893 1193 2960 otiosus
1204 2893 1304 2976 domi,
1397 2951 1398 2982 ,

278 2652 364 2719 datio
378 2653 412 2718 in
426 2651 570 2718 maximis
584 2649 701 2716 nostris
711 2649 967 2738 gravissimisque
978 2650 1061 2718 curis
1072 2649 1217 2738 jucunda
1227 2655 1304 2716 sane

279 3017 330 3082 M.
357 3017 397 3081 ad
421 3037 473 3080 me
495 3017 626 3096 Brutus,
641 3025 678 3080 ut
691 3026 907 3096 consueverat,
920 3037 994 3080 cum
1008 3015 1049 3080 Τ.
1065 3015 1238 3103 Pomponio
1250 3039 1306 3083 ve·
1397 3015 1398 3074 i

220 3173 222 3178 ·
282 3149 383 3219 uerat,
395 3137 541 3204 homines
556 3141 628 3203 cum
642 3139 725 3202 inter
739 3159 773 3202 se
783 3135 960 3223 conjuncti,
982 3147 1052 3204 turn
1077 3138 1156 3204 mihi
1176 3140 1219 3208 ita
1233 3141 1309 3222 cari,

279 3261 385 3349 itaque
396 3259 543 3349 jucundi,
557 3269 594 3326 ut
608 3281 716 3326 eorum
730 3259 881 3345 adspectu
893 3259 1010 3341 omnis,
1032 3281 1104 3347 quaa
1128 3283 1179 3326 me
1204 3281 1305 3362 anpe-

278 3391 334 3455 bat
346 3389 384 3454 de
396 3387 566 3475 republica,
582 3401 656 3452 cura
669 3384 855 3452 consederit.
899 3384 988 3454 Quos
1002 3395 1170 3471 postquam
1186 3387 1304 3450 seluta-

277 3513 321 3594 vr,
344 3513 428 3584 outa
451 3533 519 3591 vos,
534 3509 675 3596 inquam,
691 3509 790 3574 amre
813 3517 846 3572 es
866 3504 983 3587 Attice,
1000 3480 1111 3572 nunni
1140 3507 1217 3592 quid
1232 3517 1304 3574 an.
1397 3479 1398 3570 ξ

278 3637 351 3703 dem
365 3636 460 3702 nori?
485 3631 577 3700 Nihil
600 3634 685 3712 sane,
711 3629 815 3716 inquit
837 3627 967 3708 Brutus,
990 3627 1076 3715 quod
1101 3629 1229 3714 quidem
1249 3643 1305 3696 aut
1397 3589 1398 3660 i

266 3769 318 3824 -tu
331 3757 437 3824 audire
455 3757 543 3837 velis,
570 3765 624 3820 aut
649 3775 709 3840 ego
732 3773 790 3837 pro
812 3760 899 3817 certo
912 3751 1014 3816 dicere
1033 3751 1177 3818 audeam.
1220 3753 1307 3818 'l'um

267 3877 418 3961 articus,
433 3875 494 3960 Eo,
510 3873 625 3965 inquit,
640 3871 679 3940 ad
694 3883 725 3940 te
739 3870 845 3938 animo
860 3869 1015 3951 venimus,
1036 3879 1073 3938 ut
1087 3869 1129 3938 de
1142 3869 1306 3960 republica
