2804 4524
265 295 306 355 2⁰
618 303 672 366 En
694 299 744 366 M.
766 303 932 372 TULLIO

261 468 468 572 boturhabitr
481 493 549 539 esse
564 473 761 542 inconcione
772 476 1062 570 &Philippqqnem
1076 483 1190 549 dixisse
1205 467 1285 552 con*-

260 598 374 678 stabat,
398 569 557 662 uidendum
582 589 640 664 sibi
661 599 747 666 olbtd
768 623 832 666 esse
852 605 1004 670 nomiliam
1014 629 1029 684 ,·
1055 607 1107 672 illo
1119 619 1227 672 senatu
1250 631 1287 674 se

258 719 472 802 rempublicam
483 739 591 802 gerere
601 741 660 784 uon
671 741 781 803 porse.-
805 727 896 785 manb
912 723 1017 790 idibus
1033 725 1236 813 Septembris,
1251 740 1286 793 et

258 839 364 936 ille,qt
378 849 504 905 senatus
515 841 660 925 frequens
671 853 782 908 vocatu
796 843 904 924 Drusi,
917 845 948 910 in
961 847 1077 914 curiam
1092 849 1189 915 venit.
1232 849 1285 914 lbi

259 969 332 1030 edm
339 959 471 1029 'Drusus
484 965 585 1028 multa
595 961 633 1027 do
646 961 791 1050 Philippo
803 975 933 1050 questus
948 977 1042 1046 esset,
1053 969 1161 1033 retulit
1173 969 1212 1034 ad
1223 959 1281 1039 ¹se-

259 1053 369 1148 natuui
385 1082 423 1148 de
438 1079 493 1146 illo
508 1063 588 1168 ipso,
607 1082 691 1168 quod
707 1085 818 1148 consul
834 1083 866 1148 in
882 1105 954 1148 curn
969 1084 1110 1150 ordinem
1127 1097 1191 1152 tarn
1209 1109 1282 1174 gra-

259 1205 339 1269 uiter
355 1201 387 1270 in
403 1204 556 1270 concione
567 1215 651 1270 esset
665 1204 819 1270 invectus.
864 1207 941 1286 Hie,
963 1217 1000 1272 ut
1020 1229 1103 1294 srepe
1123 1208 1206 1274 inter
1219 1211 1280 1274 ho-

258 1327 359 1396 mines
375 1325 620 1416 sapientissimos
634 1339 778 1396 constare
792 1329 866 1412 vidi,
887 1351 1065 1418 quanquam
1078 1332 1140 1398 hoe
1155 1333 1279 1412 Crasso,

258 1455 336 1536 cb·
346 1451 463 1540 aliquid
477 1453 650 1518 noeuratids
665 1451 806 1533 dixisset,
818 1473 941 1540 semper
955 1457 1018 1520 fere
1033 1453 1227 1542 contigisset,
1242 1467 1279 1522 ut

255 1596 416 1660 nunquam
431 1571 545 1640 dixisse
564 1575 675 1640 melibs
697 1585 881 1662 putaretur3
905 1587 1010 1641 tamen
1034 1575 1176 1642 omnium
1199 1599 1278 1642 con-

255 1677 351 1761 sensu
366 1695 411 1762 sie
422 1717 491 1759 esse
503 1705 571 1759 tum
581 1691 770 1779 judicatum,
780 1705 909 1760 coeteros
922 1697 1193 1784 iC'rassosemper
1206 1719 1277 1762 om·

254 1795 322 1895 nes,
333 1815 389 1880 illo
401 1825 506 1879 sutem
519 1812 568 1877 die
580 1813 674 1878 etiarn
686 1811 789 1900 ipsum
803 1817 822 1878 b
835 1835 903 1878 sese
918 1827 1109 1902 superatum.
1153 1819 1276 1904 Deplo-

252 1937 332 2006 ravit
345 1935 431 2002 enirn
446 1958 552 2001 casum
568 1947 662 2022 atque
684 1937 850 2002 orbitatem
872 1943 1021 2004 senatis:
1046 1937 1135 2026 eujus
1159 1941 1276 2006 ordinis

252 2067 271 2128 i
285 2062 427 2140 consule,
441 2059 495 2144 qui
507 2059 595 2146 quasi
609 2079 720 2146 parens
733 2063 846 2140 bonus,
859 2069 912 2124 out
925 2070 1010 2126 tutor
1022 2061 1121 2128 fidelis
1136 2085 1205 2129 esse
1219 2065 1275 2130 de-

253 2190 352 2266 beret,
360 2197 509 2270 tanquam
524 2186 562 2248 ab
578 2183 683 2269 aliquo
695 2181 813 2248 nesorio
823 2183 971 2270 praedone
985 2185 1169 2272 diriperetur
1179 2188 1275 2274 patri-

249 2307 394 2376 monium
416 2303 599 2391 dignitatis:
623 2325 724 2388 noque
746 2307 819 2370 verb
842 2305 1118 2388 esse'mirondum,
1141 2309 1178 2390 si,
1201 2311 1273 2376 erim

249 2429 314 2497 suis
329 2427 468 2495 consiliis
488 2425 712 2516 rempublicam
730 2426 937 2512 profligbsset,
963 2429 1131 2496 consilium
1146 2439 1272 2498 senatos

246 2551 435 2640 drepublioi
448 2547 635 2636 repudiaret.
681 2549 748 2614 Hic
762 2552 835 2616 edm
850 2549 972 2614 homini
985 2560 1017 2616 et
1032 2551 1221 2634 vehementi,
1236 2565 1270 2622 et

161 2739 162 2743 ,
246 2680 374 2760 diserto,
395 2685 429 2742 et
441 2675 475 2741 in
494 2673 603 2762 primis
618 2672 691 2740 sorti
705 2673 744 2738 ud
765 2674 985 2756 resistendum,
1002 2675 1159 2764 Philippo,
1181 2679 1270 2765 quasi

246 2801 394 2888 quosdam
407 2800 574 2864 verborum
590 2799 672 2861 foces
691 2795 890 2877 admovisset,
905 2819 971 2864 non
985 2797 1059 2865 tulit
1073 2799 1136 2880 ille,
1151 2813 1183 2866 et
1197 2823 1269 2886 grn-

244 2921 326 2986 uitet
343 2921 467 3000 exarsit,
481 2919 729 3006 pignoribusque
744 2918 854 2984 ablatis
869 2915 1015 2986 Crassum
1029 2921 1167 2986 instituit
1181 2933 1268 2990 coer-

246 3063 328 3110 cere.
371 3043 447 3112 Quo
469 3041 595 3126 quidem
621 3041 690 3130 ipso
704 3041 737 3106 in
753 3043 937 3146 loeomuita
950 3044 969 3105 b
983 3041 1098 3107 Crasso
1118 3043 1268 3114 divinitis
1395 3071 1396 3084 ¹

244 3167 328 3234 dieta
349 3165 567 3246 efferebantur,
589 3167 662 3230 eim
676 3161 737 3228 sibi
760 3161 849 3228 ilium
865 3165 1028 3228 consulem
1043 3185 1112 3232 esse
1128 3183 1267 3254 negaret,

242 3289 294 3357 eui
309 3299 434 3362 senator
447 3285 514 3374 ipse
531 3307 597 3352 non
611 3297 705 3352 esset.
749 3285 800 3350 Au
818 3295 863 3364 tu,
884 3305 975 3372 quant
995 3309 1112 3354 omnem
1133 3297 1265 3362 auetori-

243 3423 339 3478 totem
358 3389 489 3476 ursioerti
507 3407 621 3474 ordinis
638 3429 696 3490 pro
714 3407 844 3494 pignore
861 3407 990 3492 putdrir,
1012 3433 1137 3498 eumqrre
1149 3416 1180 3480 in
1194 3439 1264 3484 eon.

240 3543 343 3620 spectu
361 3531 467 3618 populi
490 3527 621 3598 Romoiti
640 3530 812 3611 oonoideris,
833 3553 881 3598 ose
902 3532 948 3596 bio
967 3533 1142 3618 pignoribus
1162 3541 1265 3606 mei.

238 3677 306 3722 mos
324 3675 413 3742 posse
436 3655 561 3721 terreri.-
583 3674 643 3717 uon
657 3653 710 3717 tibi
730 3653 784 3718 itta
804 3663 875 3720 sunt
896 3657 1095 3735 eredendmsi
1119 3645 1262 3729 Croesum

239 3781 285 3845 uis
299 3789 443 3844 eotrcere.
487 3775 567 3841 Haee
582 3775 634 3840 tibi
647 3785 691 3839 ett
705 3776 869 3840 residendo
884 3775 1012 3862 liugom
1037 3779 1098 3862 qued
1117 3783 1165 3847 uel
1178 3787 1261 3851 evat.

238 3903 285 3986 σά,
299 3901 406 3986 spiritu
419 3897 485 3984 ipso
501 3898 649 3964 libidinem
663 3907 747 3963 tuom
763 3897 886 3966 ttteruu
899 3919 967 3966 rueo
980 3897 1136 3984 refirtobit.
