2804 4524
514 287 752 358 CICERONE.
1100 294 1144 358 aa

109 465 210 532 vitam
225 463 376 544 ediderat,
391 463 559 549 sedemque
583 463 725 530 viderim.
769 459 844 526 Hoc
865 467 971 526 autem
985 470 1140 548 tempore,

110 587 173 654 etsi
187 588 290 652 muita
303 586 338 652 iu
351 585 438 651 omni
455 595 542 670 parte
557 585 755 650 Athenarum
769 595 845 648 sunt
859 582 894 648 in
906 583 983 668 ipsis
999 583 1076 648 locis
1088 581 1142 647 in-

109 709 196 774 dicia
210 729 406 772 summorum
423 707 581 787 virorum3
605 716 712 772 tamen
727 727 789 790 ego
803 705 858 770 illa
871 725 1002 772 moveor
1014 704 1140 772 exedit.

111 829 216 896 Madd
240 829 327 897 enim
355 829 417 894 luit
440 829 636 910 Carneadear
668 849 762 914 quem
786 827 890 892 uidere
920 827 1039 894 videor.
1082 826 1144 896 Est

112 951 203 1018 euim
218 962 294 1018 note
308 951 434 1036 imago:
457 955 477 1016 i
490 951 627 1036 sedeque
649 947 832 1036 ipah'tantd
845 949 966 1035 ingenii
980 949 1142 1035 maguitu-

114 1069 190 1138 dine
205 1073 325 1149 orbata,
340 1068 507 1134 desiderari
523 1068 609 1140 illam
624 1090 734 1134 vocem
750 1079 842 1154 puto.

159 1191 244 1258 ihm
258 1189 345 1271 Piso,
359 1191 519 1262 Quoniam
541 1189 638 1276 igitur
652 1191 772 1283 aliquid
785 1211 906 1272 omnes,
930 1191 1007 1278 quid
1020 1192 1141 1258 Lucius

113 1325 234 1394 corta,
257 1313 386 1398 inquit?
411 1335 450 1380 an
473 1335 547 1378 eum
570 1315 676 1380 locum
699 1315 835 1380 libenter
856 1313 978 1396 invisit,
991 1315 1049 1380 uhi
1070 1315 1141 1382 De-

115 1434 298 1500 mosthenes
314 1417 526 1498 otAEschincs
542 1433 624 1498 inter
638 1454 672 1496 ae
686 1432 844 1498 decertare
858 1431 945 1498 soliti
958 1436 1056 1500 eunti
1080 1455 1141 1502 suo
1226 1413 1228 1418 Ι

116 1554 205 1622 enim
226 1555 361 1641 quisque
380 1553 486 1620 studio
506 1551 642 1620 marimo
661 1551 798 1620 ducitur.
840 1551 886 1618 Et
899 1553 968 1634 ille,
983 1558 1056 1622 edm
1071 1575 1146 1622 eru·

114 1675 247 1758 buisset,
260 1677 346 1757 Noli,
370 1675 484 1762 inquit,
500 1697 539 1744 ex
563 1697 614 1742 me
636 1695 787 1762 quarere,
809 1673 920 1761 quiin
943 1675 1143 1746 Phalericum

113 1801 451 1870 concrescentem:
466 1823 532 1886 quo
541 1799 576 1868 in
587 1803 659 1868 loco
671 1800 711 1866 ad
720 1801 852 1894 fluctum
864 1799 954 1866 aiunt
966 1800 1140 1871 declamare

112 1923 247 1991 solitum
262 1923 527 2004 Demosthenem,
542 1931 578 1987 ut
592 1921 754 1990 tremitum
775 1933 966 1988 meumaaret
980 1945 1057 1990 voce
1072 1923 1143 1990 vin·

114 2059 202 2110 aare·
243 2038 344 2108 Modo
358 2039 453 2106 etiam
464 2039 641 2126 paulluldm
652 2038 692 2104 ad
703 2039 845 2106 denham
856 2040 896 2106 de
910 2041 960 2106 vit
972 2041 1143 2124 declinari,

119 2162 209 2236 atad
219 2161 348 2230 Periclis
360 2161 563 2258 sepulchrum
580 2160 773 2230 accederem.
816 2161 1007 2260 Quanquam
1032 2163 1065 2230 id
1079 2163 1151 2250 qni.

117 2285 194 2356 dem
209 2283 368 2354 infinitum
381 2295 431 2350 est
444 2284 479 2350 'm
492 2285 553 2351 htc
576 2285 672 2352 urbe:
695 2287 885 2372 quicunque
904 2285 994 2358 enim
1004 2285 1145 2373 ingredi.

120 2429 204 2490 mur,
218 2406 252 2474 in
266 2407 404 2493 aliquam
419 2407 583 2477 historiam
597 2407 765 2492 vestigium
779 2407 942 2494 ponimus.

166 2530 251 2604 Tum
272 2528 357 2616 Piso,
378 2529 489 2618 Atqui,
509 2529 631 2612 Cicero,
645 2529 762 2616 inquit,
776 2529 837 2600 ista
850 2531 967 2614 studia,
983 2526 1063 2602 siud
1077 2533 1151 2600 imi·

122 2653 235 2718 tendor
247 2671 387 2720 summos
397 2649 478 2716 uiros
488 2659 645 2740 spectant,
656 2649 893 2734 ingeniosorum
905 2661 997 2720 sunt:
1012 2651 1063 2720 sia
1075 2661 1148 2720 tan·

124 2774 289 2846 tummodd
303 2773 343 2842 ad
356 2772 474 2840 indicia
486 2757 600 2838 ueteris
622 2743 782 2838 memoria
796 2772 1029 2858 cognoscenda,
1043 2773 1150 2842 curio-

125 2918 247 2966 sorum.
289 2897 337 2964 Te
360 2905 467 2962 autem
490 2892 654 2960 hortemur
675 2915 797 2976 omnes,
818 2903 996 2962 currentem
1018 2895 1156 2984 quidem,

126 3031 166 3092 ut
190 3039 293 3108 spero,
319 3029 356 3084 ut
378 3041 445 3100 eos,
471 3039 550 3106 quos
573 3017 698 3086 nouisse
720 3017 779 3098 vis,
805 3017 901 3086 etiam
927 3017 1044 3086 imitari
1068 3021 1157 3090 velit.

127 3143 197 3211 Hic
215 3165 286 3228 ego,
300 3141 372 3208 Etsi
392 3141 469 3206 lacit
488 3141 541 3207 hic
560 3140 699 3232 quidem,
721 3140 863 3228 inquam,
885 3139 970 3224 Piso,
985 3146 1035 3229 (ut
1054 3143 1154 3228 vides)
1193 3111 1196 3117 Ι

127 3285 177 3348 eu,
199 3287 272 3351 quaa
298 3263 444 3350 praecipis
451 3288 462 3345 ς
492 3273 598 3330 tamen
626 3263 706 3328 mihi
733 3273 822 3348 grata
850 3273 899 3332 est
925 3263 1064 3330 hortatio
1093 3275 1158 3337 tua.

125 3395 213 3460 'l'um
235 3393 289 3458 ille
311 3394 513 3476 amicissime,
537 3406 573 3460 ut
601 3395 733 3477 solebat,
756 3395 824 3460 Nos
847 3397 930 3476 verh,
952 3395 1066 3480 inquit,
1088 3418 1159 3464 om·-

130 3547 188 3594 nea
207 3524 316 3590 omnia
329 3524 368 3590 ad
386 3523 481 3612 hujus
504 3525 747 3590 adolescentiam
762 3525 971 3606 conferamus,
984 3524 1018 3589 in
1033 3527 1161 3616 primis·

132 3671 196 3740 que
211 3659 249 3716 ut
263 3650 382 3738 aliquid
397 3671 526 3715 suorum
543 3649 720 3716 studiorum
734 3649 946 3738 philosophia
961 3673 1087 3742 quoque
1101 3655 1164 3722 im.

132 3780 269 3868 pertiatr
291 3784 342 3846 vel
353 3791 391 3845 ut
403 3791 436 3846 te
454 3780 606 3862 imitetur,
617 3802 712 3869 quem
725 3791 827 3862 amatr
845 3783 896 3846 vel
908 3793 945 3848 ut
956 3783 1164 3870 hienimum,

135 3909 222 4004 quod
233 3908 350 3994 studet,
365 3911 467 3977 iacere
480 3911 581 4000 possit
596 3912 749 3982 ornatius.
793 3915 856 3982 Sed
870 3918 977 3986 utrum
992 3915 1167 3988 hortandus

626 4038 679 4111 12
