2804 4524
69 233 119 287 ‘a‘

256 225 298 291 so
619 199 933 309 sternuente

252 537 326 582 nra:
347 513 595 584 incendebantur
610 515 744 584 odoresr
771 537 892 586 mense
907 517 1182 606 conquisitissimis
1202 541 1295 607 epu·

250 639 291 708 lis
303 642 556 726 exstruebantur.
600 639 792 708 Fortunatus
807 639 868 708 sibi
882 641 1054 708 Damocles
1073 641 1253 710 videbanrr.

290 765 330 834 In
353 765 415 834 boc
436 765 540 833 medio
565 775 718 852 apparatu
740 767 916 850 fulgentem
940 763 1081 853 gladium
1100 767 1294 850 claennari,

250 893 319 956 sett
332 889 448 976 equint
462 909 649 974 appensum,
664 887 789 954 demitti
806 885 916 975 jussit,
937 897 975 952 nt
988 887 1185 974 impenderet
1198 889 1294 958 illins

251 1011 336 1082 beati
350 1009 536 1080 cervicibus.
569 1010 681 1098 ltaque
696 1031 756 1076 nec
770 1009 919 1096 pulchros
934 1009 1006 1075 illos
1021 1009 1295 1076 administratores
1375 1071 1376 1096 ι

247 1131 429 1222 aspiciebat,
450 1153 509 1198 nee
534 1132 666 1218 plenum
690 1131 766 1198 artis
794 1141 972 1216 argentum,
995 1153 1055 1198 nee
1070 1153 1199 1200 manum
1215 1157 1299 1220 por·
1321 1144 1327 1155 '
1375 1123 1376 1148 ³

249 1253 372 1342 rigebat
395 1240 429 1320 iri
453 1273 614 1320 mensam:
634 1249 702 1339 jam
723 1251 801 1338 ipsae
816 1252 998 1320 defluebant
1021 1273 1168 1320 eoronaer
1192 1255 1290 1320 deni-

249 1401 312 1470 que
326 1379 465 1448 exoravit
489 1388 670 1464 tyrannum,
694 1387 731 1444 nt
751 1377 837 1444 abire
851 1377 972 1458 liceret,
988 1377 1072 1464 qudd
1090 1374 1157 1464 jam
1172 1379 1289 1444 bertus

250 1503 351 1568 nollet
369 1523 449 1574 esse.
1182 1577 1186 1587 ¹
1376 1493 1377 1498 ’

292 1625 417 1694 Satisne
432 1625 556 1692 videtur
570 1623 743 1690 deelarlssc
765 1621 951 1708 Dionysius,
977 1619 1058 1688 nihil
1081 1641 1149 1688 esse
1164 1623 1193 1688 ei
1207 1625 1288 1690 bea-

248 1761 330 1830 tum,
346 1749 398 1816 cui
412 1769 538 1836 sempr
551 1746 663 1832 aliquis
676 1757 773 1810 terror
788 1743 993 1830 impendeat?
1017 1747 1124 1834 Atque
1133 1749 1162 1814 ei
1178 1749 1285 1848 nelin-

249 1883 374 1962 regum
390 1871 517 1960 quidem
527 1881 604 1952 erat,
619 1881 656 1936 ut
667 1871 706 1936 ad
716 1868 874 1956 justitiam
890 1870 1085 1956 remigraret,
1100 1873 1287 1960 civibusque

227 397 410 482 ¹‚intuentos
424 391 593 480 diligenter
608 393 795 476 ministrare.
817 363 981 464 inderent
993 405 1169 484 unguenta,
1188 411 1294 468 eom.

135 2015 141 2022 '
250 1997 427 2064 libertatem
449 2005 481 2062 et
492 1991 565 2082 jura
578 1993 738 2060 redderet:
762 1993 800 2060 iis
816 1995 901 2060 enim
917 2016 951 2060 se
966 1995 1149 2062 adolescens
1165 1997 1286 2084 impre·
1377 2011 1378 2026 ¹

250 2119 321 2186 ridl
345 2127 440 2186 aetate
465 2119 620 2186 irretierat
636 2117 756 2198 erratis,
771 2137 871 2205 eaque
886 2117 1097 2202 commiserat,
1120 2129 1157 2186 ur
1179 2123 1286 2186 salvus

242 2267 317 2336 'esse
333 2265 397 2310 non
411 2251 530 2330 posset,
546 2241 573 2306 si
589 2261 684 2306 sanus
700 2261 769 2305 esse
784 2237 946 2326 coepisset.
998 2231 1000 2240 ’

290 2367 495 2452 Quantopere
515 2366 589 2430 verb
604 2361 756 2428 amicitias
771 2362 972 2444 desideraret,
990 2385 1123 2451 quarum
1145 2365 1285 2432 infideli-

246 2503 343 2560 tatem
359 2489 593 2568 extimescebat,
608 2485 776 2552 deelararit
789 2484 824 2552 in
841 2485 1044 2572 Pythagoreis
1058 2487 1122 2554 duo
1188 2487 1281 2588 'illisr

247 2635 381 2707 quorum
405 2616 477 2680 edm
500 2613 634 2676 alterum
656 2609 767 2675 vadem
784 2607 892 2676 mortis
916 2611 1108 2698 accepissem
1206 2659 1220 2697 ,
1244 2625 1280 2680 ut

247 2741 357 2806 vadem
373 2760 464 2804 snum
479 2735 635 2814 liberaret,
658 2735 776 2820 pracstb
790 2731 902 2800 fnisset
917 2732 956 2798 ad
970 2733 1079 2800 horam
1095 2757 1127 2800 m
1159 2813 1185 2834 Ἢ
1211 2737 1281 2804 des·

248 2863 398 2938 nusum,
425 2857 554 2922 Utinam
570 2875 641 2940 ego,
657 2855 772 2940 inquit,
793 2854 904 2920 tertius
919 2855 1009 2920 robis
1030 2855 1151 2946 enricus,
1162 2859 1282 2924 adseri·

247 2983 356 3052 bereri
380 2983 485 3052 Quam
503 2979 575 3044 huie
591 2990 656 3044 erat
670 2956 820 3044 miserum
836 2999 940 3044 carcre
954 2969 1184 3076 consuetudine
1200 2981 1281 3048 ami·

247 3127 367 3184 corum,
379 3103 529 3170 societate
541 3101 654 3182 victus,
667 3121 811 3166 sermone
821 3101 951 3169 omnind
963 3102 1131 3168 familiari!
1152 3099 1278 3172 bomini

245 3231 419 3332 praesertim
444 3231 541 3298 docto
565 3235 585 3298 b
610 3255 721 3319 puero,
755 3241 788 3297 et
808 3227 937 3300 'artibus
967 3231 1115 3318 ingenuis
1145 3235 1279 3304 erudito.

246 3361 446 3430 Musieorum
468 3361 542 3424 verb
564 3357 797 3444 perstudiosum
820 3355 1011 3442 accepimns,
1040 3367 1166 3443 poetam
1182 3359 1276 3424 etiam

246 3489 422 3576 trsgienm
446 3493 541 3578 quim
569 3489 701 3567 bonum,
725 3487 805 3552 nihil
827 3487 866 3554 ad
883 3509 972 3552 rem:
996 3485 1029 3552 ἰιι
1044 3487 1105 3552 hoe
1120 3487 1205 3554 enim
1221 3509 1277 3573 ge·

245 3639 321 3686 nere
334 3621 441 3686 neseio
455 3641 519 3706 quo
532 3629 626 3706 paeto
648 3620 759 3706 magis,
775 3623 870 3708 quam
892 3617 926 3682 in
948 3619 1027 3700 aliis,
1049 3639 1144 3682 suum
1164 3619 1279 3706 cuique

242 3745 412 3837 pulchrum
427 3757 486 3812 est.
503 3777 507 3788 ’
528 3747 643 3814 Adhuc
658 3747 818 3816 neminem
833 3747 968 3832 cognovi
983 3757 1112 3834 poetam
1138 3749 1184 3834 (et
1199 3747 1275 3814 mihi

242 3865 305 3936 l'nit
318 3889 394 3944 eum
403 3867 545 3958 Aquinio
557 3867 706 3954 amicitie)
724 3865 780 3957 qui
795 3867 857 3936 sibi
872 3889 937 3936 non
952 3867 1092 3960 optimus
1104 3865 1273 3936 rideretur.
