2750 4510
264 273 343 328 152.
667 265 721 328 Ee
743 261 877 330 Livio.
911 311 913 320 .

257 429 338 500 lude
352 433 467 500 Jneem
483 441 596 502 testem
612 437 710 502 fucit:
735 437 771 502 Si
789 459 849 524 ego
863 437 975 524 itp'ustc
985 437 1133 526 enptsqm
1147 441 1217 507 tttoe
1231 441 1290 507 itu·

256 557 351 622 misses
365 559 490 644 illusque
501 582 548 624 res
559 561 662 625 dedier
674 563 786 628 nando
793 561 901 655 popuii
915 561 1049 628 Rmnant
1061 561 1135 626 mitti
1147 585 1291 648 eupocm,

256 689 321 744 tum
332 683 445 768 petrice
460 693 623 766 cmnpntem
636 707 684 746 me
699 701 851 770 amviqnam
865 685 949 748 sinus
962 703 1036 748 esse.
1074 685 1169 767 Haec,
1185 707 1288 772 quum

133 852 135 862 .
255 803 334 868 fines
344 803 579 888 suprascandit3
596 806 676 884 baec,
686 805 869 892 quicunque
881 806 910 870 ei
921 805 1040 892 primus
1053 807 1099 870 vir
1110 807 1223 872 obvius
1233 811 1288 872 fu-

254 927 336 1007 erit3
360 927 442 1008 baec,
451 937 573 1012 portam
587 925 766 1009 ingrediens
779 954 787 1007 3
805 927 885 1009 baec,
900 931 1004 992 sorum
1019 929 1191 1013 ingressus,
1204 953 1288 1016 pau-

253 1049 298 1115 cis
308 1050 411 1114 verbis
422 1049 568 1114 carminis
581 1049 1050 1138 concipiendiquejurisjmandi
1061 1053 1203 1134 mutatis,
1212 1075 1287 1140 per·

253 1171 331 1258 agit.
368 1173 401 1236 Si
417 1195 480 1236 non
494 1171 663 1254 deduntur,
679 1197 759 1260 quos
772 1175 925 1260 exposcit,
939 1175 1049 1238 dicbus
1064 1175 1164 1240 tribus
1180 1187 1213 1241 et
1227 1175 1288 1242 tri·

253 1294 344 1382 ginta
360 1300 421 1380 (tot
434 1296 519 1360 enim
533 1298 681 1360 solennes
692 1295 779 1372 sunt)
792 1297 940 1382 pensetis,
955 1297 1071 1362 bellum
1090 1297 1133 1364 ita
1152 1297 1288 1364 indicit:

254 1415 349 1496 Audi,
366 1417 497 1500 Jupiter,
513 1427 542 1482 et
557 1427 600 1498 tu,
611 1417 695 1484 Ινιηο
703 1443 717 1494 ,·
745 1419 877 1499 Quirine,
893 1418 1007 1504 Diiqtce
1020 1441 1122 1482 omnes
1142 1420 1287 1500 coelestes,

250 1560 360 1628 uosque
372 1549 537 1620 terrestres,
546 1563 655 1628 cosque
664 1539 783 1624 inseras
793 1541 905 1604 attdite.
929 1541 1000 1626 Ego
1012 1549 1177 1622 voetestor,
1181 1559 1283 1626 popu..

255 1663 412 1730 bimitlum
428 1663 623 1752 (quicunque
639 1675 698 1744 est,
712 1663 868 1746 nominat)
886 1661 1029 1748 injustum
1041 1685 1116 1746 esse,
1131 1663 1287 1751 nequejus
1364 1715 1365 1764 1

250 1789 430 1872 persolvere.
477 1787 538 1852 Sed
549 1789 586 1850 de
600 1785 664 1850 istis
679 1787 765 1850 rebus
779 1787 809 1850 in
819 1787 925 1870 patriti
936 1783 1067 1871 majores
1086 1795 1162 1852 nutu
1176 1809 1287 1853 comu-

252 1911 356 1988 lemus,
372 1930 429 1994 qno
438 1907 592 1994 pactojus
607 1919 741 1972 nostrum
753 1909 969 1992 adipiscamur.
993 1909 1075 1973 Cum
1087 1909 1136 1974 his
1148 1909 1287 1976 nuncius

252 2029 388 2098 Romam
420 2027 459 2092 ad
489 2023 718 2094 consulendum
755 2029 845 2094 redit.
890 2029 1067 2094 Confestim
1096 2053 1151 2094 rex
1177 2031 1289 2096 Patres

252 2151 449 2217 consulebat.
483 2147 573 2228 Inde,
588 2149 714 2234 quando
726 2169 795 2236 pars
812 2148 911 2236 major
930 2169 1051 2249 eorum,
1068 2151 1122 2238 qui
1145 2152 1286 2233 aderant,

252 2275 287 2341 in
302 2273 436 2340 eandem
452 2273 641 2338 sententiam
658 2273 734 2353 ibat,
750 2268 869 2338 bellum
885 2285 951 2340 crat
967 2297 1125 2340 consensu
1145 2273 1213 2340 fieri
1227 2299 1284 2341 so·

244 2391 363 2474 'litum3
386 2401 421 2456 ut
441 2391 560 2457 fecialis
584 2391 706 2457 hastam
723 2392 880 2474 ferratam,
902 2405 957 2459 sut
978 2393 1186 2478 sanguineam
1199 2418 1285 2482 prae-

248 2503 408 2584 ustamad
425 2515 503 2582 fiaes
520 2533 629 2580 eorum
645 2515 750 2597 ferret,
769 2525 812 2596 et,
826 2539 890 2582 non
903 2517 1008 2583 minus
1029 2517 1130 2583 tribus
1153 2519 1283 2604 puberi-

247 2643 311 2708 bus
325 2639 547 2729 presentibus,
572 2629 712 2704 diceret:
739 2639 829 2712 and
849 2641 978 2725 populns
994 2639 1154 2706 Romanus
1178 2643 1286 2718 Quini-

248 2767 324 2832 tium
339 2767 448 2833 betium
463 2789 529 2831 cnm
541 2765 650 2850 priscis
663 2763 784 2830 Latinis
790 2761 887 2850 jussit
901 2787 975 2846 esse,
987 2777 1169 2852 seamtnsque
1179 2767 1290 2850 popuii

248 2891 385 2956 Romani
411 2891 573 2964 Qniritium
597 2891 721 2970 censuit,
749 2891 909 2970 consessit,
936 2891 1088 2970 conscivit,
1111 2899 1146 2953 ut
1171 2889 1284 2956 beilum

250 3033 317 3078 cum
328 3013 437 3095 priscis
454 3011 577 3076 Latinis
588 3013 703 3092 ficret:
726 3013 763 3076 ob
780 3033 848 3076 eum
862 3035 924 3076 rem
937 2984 994 3097 epo
1006 3011 1196 3100 populusque
1215 3011 1285 3080 Ro·
1305 3054 1309 3063 ·

247 3141 358 3199 munus
368 3133 490 3218 populis
500 3133 669 3216 priscorum
688 3132 881 3216 Latinorum,
901 3135 1008 3220 priscis
1024 3135 1159 3217 latinis,
1172 3135 1284 3204 betium

246 3253 529 3344 iudieqsucioquc.
574 3255 612 3322 ld
636 3251 692 3321 'ubi
716 3257 856 3338 dixisset,
881 3259 1003 3323 hastam
1026 3259 1058 3322 in
1074 3259 1154 3325 fines
1168 3281 1282 3330 eorum

248 3381 423 3450 emittebat.
448 3379 523 3446 Hoc
538 3389 607 3445 tum
624 3377 718 3444 modo
733 3382 772 3444 ab
789 3379 910 3446 Latinis
926 3381 1068 3467 repetitae
1080 3405 1140 3463 rea
1157 3405 1194 3448 ac
1206 3385 1277 3450 bel÷

244 3505 312 3585 tum
328 3503 502 3571 indictum:
526 3478 712 3590 moremque
728 3524 799 3571 eum
816 3505 934 3592 posteri
949 3513 1155 3594 acceperunt.
