2804 4524
502 279 744 353 orcduotsss.
1097 295 1140 354 49

107 457 167 528 lroo
181 455 343 546 displioet,
358 457 586 546 philosophari.
631 459 770 530 eddam
784 467 890 524 autem
907 457 940 527 id
953 481 1018 524 non
1032 467 1139 526 totum

104 583 390 674 reprehenderunt,
403 581 432 648 si
445 581 606 647 remissius
621 592 732 667 agatur
740 607 751 664 ;
775 583 830 648 sed
844 593 969 648 tantum
986 583 1139 664 studium,

109 715 237 790 tamque
250 705 386 768 multam
399 723 526 789 operam
547 703 730 789 ponendam
742 703 776 768 in
799 723 837 770 eo
858 723 924 768 non
939 704 1140 769 arbitrantur.

108 825 214 892 Errant
236 825 344 906 etiam,
358 835 390 890 et
406 823 440 890 bi
455 825 585 910 quidem
600 823 717 892 eruditi
730 825 853 890 Graecis
868 823 978 906 literis,
993 835 1138 890 contem·

107 957 219 1014 uenter
243 948 385 1023 latium,
408 947 464 1033 qui
486 969 521 1012 se
544 947 653 1014 dicant
672 947 705 1012 in
718 948 841 1013 Grmeis
856 947 997 1032 legendis
1012 967 1140 1034 operam

107 1073 200 1136 malle
214 1091 412 1136 consumere.
456 1069 620 1136 Postremo
635 1071 757 1156 aliquos
773 1072 897 1136 futuros
914 1070 1068 1158 suspicor,
1085 1070 1142 1156 qui

110 1216 159 1260 me
182 1195 224 1259 ad
246 1195 323 1258 alias
348 1194 454 1260 literas
473 1205 608 1260 vooent:
631 1215 733 1279 genus
748 1195 811 1260 hoc
826 1195 995 1276 scribendi,
1017 1196 1077 1262 etsi
1100 1193 1142 1260 sit

108 1317 245 1400 elegans,
260 1335 404 1399 personna
419 1325 525 1380 tamm
540 1326 573 1380 et
587 1315 750 1399 dignitatis
765 1337 833 1380 esse
848 1327 978 1401 negent.

153 1436 275 1502 Contra
287 1457 366 1522 quos
382 1458 494 1502 omues
506 1437 675 1501 dicendum
690 1435 827 1500 breviter
838 1436 996 1500 existimo.
1030 1437 1141 1506 Quan-

110 1579 203 1644 quam
217 1557 429 1645 philosophiae
444 1557 573 1644 quidem
587 1557 850 1642 vituperatoribus
864 1557 937 1620 sotis
956 1579 1144 1642 responsum

113 1692 161 1746 est
182 1704 222 1745 eo
235 1681 329 1762 libro,
345 1704 408 1766 quo
424 1685 443 1746 l
458 1679 549 1746 nobis
568 1680 770 1766 philosophia
784 1679 913 1744 defensa
926 1691 957 1744 et
967 1680 1146 1746 collaudata

111 1815 167 1886 nst,
190 1807 264 1869 eum
287 1815 530 1870 essetaeeusnta
543 1815 576 1868 et
590 1803 765 1889 vituperata
784 1803 824 1868 ab
849 1803 1034 1868 Hortensio.
1078 1805 1145 1876 Qui

113 1937 202 2020 liber,
218 1941 291 2002 edm
306 1947 339 2002 et
348 1936 409 2002 tibi
418 1939 568 2022 probatus
580 1936 748 2015 videretur,
764 1947 797 2000 et
812 1936 862 2016 iis,
878 1957 958 2022 quos
974 1959 1035 2023 ego
1050 1959 1142 2024 posse

106 2067 246 2155 judicare
260 2069 436 2149 arbitrarer,
451 2071 542 2154 plura
556 2067 692 2153 suscepi,
708 2067 826 2132 veritus
841 2087 882 2132 ne
896 2089 1020 2134 movere
1036 2068 1141 2135 homi·

114 2212 190 2258 num
204 2191 308 2257 studia
320 2189 454 2270 viderer,
470 2189 604 2255 retinere
621 2211 685 2254 nou
699 2211 804 2276 posse.

155 2315 222 2386 Qui
236 2325 354 2408 autem,
369 2313 395 2378 si
412 2314 473 2378 hoc
488 2313 623 2378 maximi
637 2313 771 2399 placeat,
787 2314 978 2380 moderatius
994 2325 1099 2380 tamen
1116 2315 1148 2380 id

112 2441 227 2505 volunt
241 2437 320 2517 fieri,
334 2437 493 2502 difficilem
509 2437 668 2524 quandam
682 2439 921 2524 temperantiam
934 2441 1098 2525 postulant
1113 2441 1147 2504 in

117 2583 166 2643 eo,
181 2563 267 2648 quod
282 2563 379 2626 semel
395 2559 566 2625 admissum
580 2561 729 2641 coerceri,
742 2562 931 2646 reprimique
945 2585 1007 2626 non
1024 2573 1153 2648 potesta

119 2695 154 2750 ut
166 2686 395 2772 propemodum
407 2682 598 2770 justioribus
613 2695 740 2748 utamur
754 2684 828 2764 illis,
852 2683 907 2770 qui
923 2684 1054 2746 omninb
1070 2703 1149 2747 ‘avo-

114 2813 228 2874 «ιω
252 2807 466 2895 philosophia,
491 2806 649 2892 quamtis,
664 2807 719 2892 qur
745 2783 839 2870 'renus
863 2807 996 2872 raanan
1019 2809 1151 2874 morum

120 2931 335 3012 constituant3
352 2930 386 2996 in
401 2953 497 3018 reque
511 2931 549 2995 eb
564 2929 703 3010 meliore,
720 2931 784 3014 quo
799 2927 899 3018 major
913 2931 967 3014 sit,
985 2934 1153 3000 mediocri·

116 3063 214 3120 tatem
232 3052 423 3118 desiderent.
458 3051 531 3115 Sive
554 3051 640 3116 enim
655 3051 694 3116 ad
709 3050 895 3136 sapientiam
915 3055 1070 3138 perveniri
1090 3077 1149 3144 po-

119 3183 204 3258 test3
227 3198 292 3240 non
307 3175 445 3262 paranda
459 3178 563 3240 solum
577 3176 670 3240 nobis
683 3197 730 3256 ea,
754 3176 810 3240 sed
830 3179 962 3244 fruenda
985 3181 1082 3244 etiam
1102 3203 1152 3246 sa-

117 3295 240 3381 pientia
261 3306 329 3374 est3
353 3294 418 3360 aive
439 3295 501 3358 hoe
517 3289 644 3360 difficile
660 3305 728 3376 est3
751 3307 857 3361 tamen
884 3319 944 3363 noc
965 3299 1080 3362 modus
1104 3311 1154 3366 est

118 3419 204 3482 ullus
218 3416 429 3502 investigandi
444 3416 520 3497 veri,
542 3416 603 3482 nisi
616 3417 794 3482 inveneris:
817 3431 849 3485 et
863 3420 1026 3506 quaerendi
1040 3419 1154 3486 delati·

119 3539 207 3622 gotio
222 3539 322 3627 turpis
335 3523 395 3619 estj
412 3541 485 3604 edm
508 3538 550 3620 id,
565 3538 651 3624 quod
665 3541 828 3624 quaritur,
843 3544 883 3608 sit
895 3543 1155 3628 pulcherrimum.

120 3659 252 3728 Etenim
266 3661 518 3741 si'delectamur,
534 3664 607 3726 edm
623 3662 811 3745 scribimus3
841 3664 912 3750 quis
928 3675 976 3730 est
990 3677 1056 3732 tam
1071 3667 1155 3734 invi·
1270 3675 1272 3678 ’

122 3783 193 3865 dus,
213 3782 268 3872 qui
283 3785 322 3847 ab
337 3805 376 3848 eo
400 3803 459 3848 nos
474 3783 630 3850 abducat?
653 3784 703 3852 sin
724 3788 901 3856 laboramus
910 3813 921 3870 3
944 3791 1016 3876 quis
1030 3803 1089 3874 est,
1102 3793 1157 3878 qni

122 3906 234 3974 alienae
250 3907 380 3975 modum
396 3917 515 3972 statuat
529 3905 694 3976 industria
707 3911 718 3976 i

629 4031 663 4098 ll
