2750 4510
520 219 760 310 masadan.
1034 195 1038 203 ¹
1107 283 1110 292 ‚
1144 261 1184 318 95

116 411 336 504 mejudicium
346 433 498 500 magnum
508 437 617 482 earum
628 417 954 498 est,nonslnecausd
966 420 1157 489 vicinitatem

115 539 186 604 oris
207 549 392 606 consecuta
415 551 503 605 sunt.
546 539 620 606 Jam
644 551 802 625 gustatus,
824 541 879 628 qui
901 543 1016 608 sentire
1036 565 1158 627 eornm,

117 661 237 748 quibus
252 661 418 742 vescimur,
434 681 550 746 genera
563 661 669 742 debet,
681 661 803 730 habitat
816 661 848 726 in
859 667 897 728 et
908 675 996 750 parte
1007 665 1081 746 oris,
1093 673 1159 751 qut

116 781 291 848 esculentis
306 793 339 848 et
359 783 538 882 poculentis
554 784 614 848 iter
628 794 741 850 natura
761 785 922 870 patefecit.
963 787 1084 852 'lactus
1098 809 1158 854 au-

117 909 189 973 tem'
209 919 280 972 toto
300 929 429 994 corpore
449 907 645 994 aequabiliter
666 909 756 974 fusus
777 919 837 990 est,
859 921 897 974 ut
922 931 1033 976 omnes
1059 911 1155 992 ictus,

117 1047 293 1113 omnaque
306 1027 422 1092 alarios
436 1039 469 1093 et
483 1027 608 1112 trigoris
619 1037 652 1092 et
664 1029 776 1093 caloris
789 1033 939 1116 appulsus
951 1029 1067 1096 sentire
1079 1051 1156 1116 pos·

119 1145 232 1212 simos.
278 1147 394 1232 Atque,
409 1157 446 1212 ut
461 1147 494 1212 in
508 1147 651 1248 adificiis
665 1149 829 1214 architecti
843 1159 989 1214 avertunt
1003 1153 1042 1214 ab
1054 1149 1156 1216 oeulis

117 1279 152 1336 et
166 1269 296 1335 naribus
310 1269 511 1336 dominorum
526 1291 575 1350 ea,
598 1293 669 1355 qaae
691 1271 880 1356 profluentia
893 1273 1070 1339 necessario
1085 1273 1157 1340 tetri

120 1402 226 1459 essem
240 1392 359 1479 aliquid
374 1393 537 1473 habitum
553 1393 599 1456 sic
613 1403 723 1458 natura
734 1415 783 1456 res
796 1393 914 1458 similes
926 1397 1035 1480 procul
1048 1417 1158 1462 amau-

117 1515 204 1582 davit
218 1520 237 1582 d
252 1517 410 1581 sensibus.

161 1637 244 1708 Quis
263 1639 337 1702 verb
356 1637 474 1723 opifex,
488 1647 605 1722 prester
617 1647 773 1716 naturam,
797 1641 859 1720 qult
873 1635 954 1701 nihil
969 1647 1075 1722 potest
1090 1661 1158 1704 esse

119 1765 275 1846 callidius,
293 1775 413 1831 tantam
433 1765 590 1832 solertiam
603 1767 748 1852 persequi
763 1765 918 1852 potuisset
936 1765 968 1832 iu
990 1765 1134 1833 sensibus
1144 1788 1155 1848 ς

120 1913 192 1980 quse
207 1891 348 1978 primunr
362 1891 473 1954 oculos
485 1889 676 1954 membranis
689 1891 884 1956 tenuissimis
897 1891 1021 1956 vestivit
1036 1902 1069 1956 et
1083 1911 1157 1978 sep·

119 2016 182 2096 sit,
206 2035 285 2102 quas
299 2013 436 2100 primum
451 2013 627 2100 perlucidas
641 2013 728 2094 lecit,
742 2025 778 2078 ut
792 2035 848 2098 per
862 2035 914 2078 eas
929 2014 1014 2078 cerni
1028 2025 1156 2100 posset5

118 2139 225 2205 firmas
240 2147 359 2217 autem,
374 2147 412 2201 ut
425 2137 637 2202 continerent.
683 2136 746 2201 Sed
759 2137 896 2202 lubricos
909 2139 1020 2202 oculos
1032 2139 1115 2204 fecit
1125 2151 1158 2204 et

66 2340 71 2346 Ι
117 2261 264 2344 mobiles,
280 2271 317 2326 nt
332 2271 365 2324 et
378 2260 584 2339 declinarent,
600 2261 627 2324 si
645 2259 723 2346 quid
742 2273 868 2326 noceret
881 2285 891 2339 3
915 2271 948 2326 et
962 2262 1158 2346 adspectum,

115 2387 179 2474 quit
199 2387 330 2464 vellent,
349 2381 440 2449 facile
456 2395 687 2450 converterent.
732 2383 888 2476 Aciesque
909 2384 988 2470 ipsa,
1003 2391 1066 2469 qul
1081 2407 1150 2450 cer·

115 2499 233 2580 nimus,
244 2521 316 2584 quae
329 2500 449 2600 pupilla
463 2509 603 2578 vocatur,
616 2499 660 2566 its
670 2521 765 2585 parra
775 2513 834 2580 est,
845 2513 880 2566 ut
892 2523 940 2580 ea,
952 2523 1024 2586 quae
1036 2523 1150 2566 nocere

115 2623 251 2712 possint,
270 2621 362 2688 facile
377 2623 471 2688 citet.
517 2621 752 2708 ruptisque,
774 2645 846 2708 quse
868 2635 942 2687 sunt
965 2635 1152 2706 tegumenta

116 2749 297 2826 oculorum,
321 2745 515 2811 mollissima
531 2755 629 2820 tactu,
644 2767 685 2808 ne
700 2745 851 2809 laederent
866 2743 976 2822 aciem,
991 2743 1154 2828 aptissime

119 2871 213 2936 laetae
234 2881 269 2934 et
289 2870 328 2933 ad
348 2867 537 2934 claudendas
559 2867 705 2956 pupillas,
730 2889 770 2931 ne
790 2867 866 2952 quid
882 2865 1045 2948 incideret,
1062 2879 1094 2933 et
1116 2869 1156 2934 ad

112 2993 301 3080 aperiendas
312 3017 322 3072 ;
346 2991 440 3078 idque
454 2991 601 3080 providit,
623 3003 658 3056 ut
672 2991 842 3056 identidem
865 2989 931 3054 fieri
953 3003 1062 3078 posset
1082 3015 1155 3057 cum

116 3115 257 3182 maxin‘al
276 3115 450 3185 celeritate.
491 3115 691 3200 Munitaeque
716 3124 792 3178 sunt
819 3115 978 3200 'palpebra
1005 3127 1154 3200 tanquam

116 3238 202 3301 vallo
217 3235 354 3322 pilorum
369 3261 377 3301 ι
400 3235 527 3322 quibus,
548 3245 581 3299 et
600 3235 716 3320 apertis
736 3235 850 3314 oculis,
863 3235 888 3300 si
901 3237 978 3321 quid
993 3232 1155 3313 incideret,

117 3361 347 3448 repelleretur3
375 3371 407 3425 et
422 3379 535 3424 somno
550 3357 808 3438 conniventibus,
824 3361 897 3424 cbm
912 3357 1013 3423 oculis
1030 3357 1069 3422 ad
1085 3379 1154 3422 cer-

119 3479 263 3546 nendum
277 3501 344 3546 non
359 3503 534 3567 egeremus,
551 3481 668 3564 utqui,
684 3491 831 3566 tanquam
847 3479 993 3560 involuti,
1008 3481 1172 3566 quiesce-·

117 3613 203 3669 rest.
248 3603 365 3668 Latent
384 3615 537 3690 praeterea
551 3601 681 3682 utiliter,
704 3615 736 3674 et
751 3603 882 3668 excelsis
898 3601 1037 3689 undique
1057 3603 1156 3689 parti-

122 3727 182 3792 bas
195 3726 375 3812 sepiuntur.
420 3725 561 3794 Primum
576 3723 661 3791 enim
675 3725 832 3813 superiora
846 3725 1020 3812 superciliis
1034 3727 1156 3790 obduc-

120 3859 165 3930 aa,
177 3847 326 3917 sudorem
336 3851 356 3916 d
367 3849 516 3936 capitem
530 3849 634 3916 fronte
646 3849 837 3916 defluentem
850 3851 1019 3934 repellunt.
1054 3851 1154 3912 Gerus¹
