2804 4524
238 679 415 761 Procrin.
442 677 526 758 Lib.
544 683 592 756 V.
617 680 798 755 Tuscnr.
826 677 994 772 ansr.
1103 687 1108 697 ’

95 867 332 1015 QUINTUS
355 916 408 982 hic
422 915 502 998 dies,
516 915 629 994 Brute,
651 912 748 988 finem
768 909 864 976 faciet
880 907 1135 976 recursurum

95 1037 373 1125 disputationum:
398 1057 462 1123 quo
476 1037 528 1102 die
542 1049 591 1106 est
604 1042 625 1103 i
639 1037 732 1104 nobis
748 1042 786 1102 et
800 1036 839 1102 de
853 1058 899 1116 re,
912 1057 1008 1122 quam
1025 1045 1072 1120 ,tu
1094 1055 1135 1101 cx

97 1162 249 1233 ommino
264 1159 400 1224 maxime
414 1161 539 1245 probes,
561 1159 769 1247 disputatum.
815 1157 942 1224 Placere
964 1159 1051 1266 enirn
1076 1153 1139 1224 tibi

95 1283 271 1350 admodum
296 1280 448 1348 semies
474 1305 513 1346 eo
539 1281 633 1362 libro,
660 1281 813 1368 quemad
832 1303 884 1346 me
905 1281 1138 1365 occumtissimd

96 1405 264 1494 scripsisti,
278 1414 311 1470 et
325 1425 365 1470 ex
379 1401 488 1470 multis
503 1405 701 1470 sermonibus
714 1405 791 1486 tuis,
805 1406 955 1470 virtutem
980 1405 1020 1470 ud
1042 1407 1137 1472 bento

95 1527 272 1600 vivendum
292 1549 325 1592 ee
340 1527 409 1614 ipsu
424 1547 493 1592 esec
508 1537 703 1592 contentam.
747 1526 843 1596 Quod
857 1527 918 1592 etsi
939 1527 1066 1594 difficile
1090 1536 1140 1594 ert

99 1654 249 1740 probatu,
263 1661 391 1738 propter
403 1661 468 1716 tom
480 1649 566 1714 voris
579 1661 610 1716 et
625 1661 691 1716 um
702 1652 804 1714 mults
816 1659 975 1716 tormento
987 1651 1138 1732 tortuose,

98 1779 164 1844 talc
179 1788 286 1840 tumen
300 1783 410 1858 est,ut
424 1772 650 1844 elaborandum
662 1772 719 1853 sit,
743 1775 808 1858 quo
828 1771 952 1836 facilius
975 1773 1140 1858 probetur.

101 1896 196 1970 Nihil
224 1907 274 1962 est
297 1897 385 1962 enim
407 1895 563 1976 omnium,
584 1915 657 1981 qun
679 1895 712 1960 in
735 1895 936 1982 philosophie
957 1907 1144 1980 tractantur,

100 1995 188 2112 qnod
202 2021 328 2106 gravius
345 2018 663 2104 magnificentiusque
678 2018 811 2086 dicetm.

80 2129 84 2142 ¹
151 2147 239 2212 Nam
254 2148 328 2210 cum
344 2165 381 2208 cs
394 2163 489 2208 causo
503 2127 665 2230 impulerit
679 2163 745 2226 eoo,
761 2144 814 2230 qui
829 2143 925 2231 primi
938 2167 972 2210 se
983 2145 1023 2212 ud
1033 2147 1143 2233 philo·

101 2269 226 2358 sophiae
236 2267 380 2336 studium
393 2267 667 2348 contulemnt,ut,
675 2265 825 2334 omnibus
835 2271 928 2334 rebus
939 2269 1145 2356 posthsbitis,

102 2407 190 2462 totos
201 2414 237 2460 se
251 2392 285 2458 in
296 2391 419 2478 optimo
432 2389 507 2457 vitre
519 2401 606 2458 stetu
620 2391 815 2478 exquirendo
828 2395 1020 2460 collocarent
1031 2418 1043 2476 3
1065 2417 1144 2480 pro·

102 2521 202 2600 testo,
216 2537 273 2604 spe
288 2515 378 2580 beate
393 2513 531 2598 vivendi,
545 2525 667 2580 tantem
688 2515 723 2580 in
745 2533 784 2580 eo
805 2513 911 2582 studio
931 2537 1039 2582 eurem
1064 2539 1143 2604 ope·

105 2661 236 2726 rumque
250 2647 438 2726 posuerunt.
480 2633 577 2708 Quot
591 2636 619 2702 si
633 2639 673 2702 ab
687 2637 726 2702 iis
740 2636 871 2702 inventa
884 2631 916 2702 e't
929 2639 1070 2723 perfeeto
1080 2637 1144 2712 rir-

102 2775 161 2834 tus
172 2773 234 2844 est,
245 2773 279 2828 et
290 2761 318 2828 si
329 2759 468 2848 praesidii
478 2759 519 2823 ed
528 2761 621 2824 beate
634 2757 804 2824 vivendum
816 2757 849 2822 in
862 2757 978 2826 virtute
990 2757 1067 2824 sotir
1078 2767 1127 2826 est
1132 2783 1146 2848 3

108 2885 180 2973 quis
199 2895 260 2968 est,
285 2885 420 2972 quinon
441 2883 591 2968 praeclare
606 2891 639 2946 et
654 2883 694 2946 sb
709 2879 773 2946 illis
785 2879 935 2968 potitum,
958 2891 992 2948 et
1012 2885 1033 2948 i
1054 2883 1149 2950 nobit
1202 2969 1212 2982 .

107 3018 291 3094 susceptam
311 3027 440 3092 operam
462 3002 708 3092 philosophandi
737 3003 930 3072 arbitretur?
963 3003 1013 3072 sin
1038 3015 1148 3078 eutem

15 3129 19 3134 ’
107 3127 222 3208 virtus,
235 3124 379 3211 subjecte
390 3126 450 3190 sub
463 3123 565 3190 varios
579 3123 782 3210 incertosque
797 3143 900 3206 cosm,
912 3125 1032 3192 famulo
1045 3129 1151 3194 fortu-

107 3243 238 3330 nent,
251 3267 311 3312 nec
327 3254 485 3311 tantarum
499 3243 615 3310 virium
629 3253 690 3326 est,
707 3255 794 3311 utre
809 3244 877 3332 ipss
892 3255 1037 3328 tuentum
1058 3265 1150 3316 vore·
1202 3275 1208 3284 ·

104 3393 155 3450 or,
180 3391 221 3436 ne
236 3389 302 3434 non
317 3377 383 3432 tem
405 3366 530 3432 virtutis
551 3365 667 3434 fiducie
690 3367 858 3442 nitendum
881 3369 973 3436 nobis
994 3368 1034 3434 ud
1056 3391 1149 3460 spem

105 3495 201 3562 berte
216 3491 354 3572 vivendi,
367 3494 464 3580 quim
478 3501 551 3556 vote
565 3491 708 3556 faciendo
721 3489 898 3558 videantur.

155 3615 318 3706 Equidem
339 3629 394 3680 eos
409 3635 512 3696 cesus,
535 3613 569 3678 in
590 3613 707 3700 quibus
728 3634 782 3678 me
804 3615 933 3680 fortune
947 3615 1154 3688 vehementer

108 3740 270 3819 exercuit,
288 3757 416 3806 mecum
435 3737 503 3826 ipse
519 3737 737 3818 considerans,
753 3737 830 3804 huie
853 3735 973 3835 incipio
985 3743 1154 3812 sententis
1260 3803 1269 3820 .

109 3865 277 3936 diffidere:
306 3865 465 3934 interdum
489 3863 583 3944 etiem
608 3865 739 3960 humani
759 3865 884 3974 generis
907 3865 1157 3942 imbecilitatem

325 4007 329 4020 ·
628 3991 659 4055 ir
