2804 4524
258 313 297 374 18
609 307 663 374 Ee
685 307 735 376 M.
757 307 925 376 TULLlO

255 475 308 544 dio
319 476 443 546 dicendi
456 477 610 546 intulisse.
645 481 722 562 Qui,
735 485 809 548 cum
821 483 865 548 ita
875 495 959 548 esset
975 503 1116 564 exorsus,
1142 481 1279 550 nonsibi

257 599 486 666 cohortandum
507 601 683 688 Sulpicium
703 615 735 670 et
755 605 893 686 Cottum,
914 605 969 672 sed
990 604 1091 690 ansgis
1113 591 1281 690 utrumque

255 725 498 792 collaudandum
520 725 629 807 videri,
652 727 738 813 qubd
762 737 883 794 tantam
899 726 967 814 jum
981 737 1087 794 essent
1101 729 1283 794 facultatem

254 847 371 936 adepti,
386 859 503 916 utnon
525 849 699 937 aequalibus
714 851 787 916 ‘suis
809 851 912 916 solum
935 859 1210 938 anteponerentur,
1226 851 1283 916 sed

256 991 329 1037 oum
354 968 525 1057 majoribus
549 983 627 1040 natu
655 983 918 1060 compararentur.
963 973 1077 1058 Neque
1103 975 1177 1038 verb
1202 973 1282 1038 mihi

252 1093 433 1180 quidquam,
447 1094 562 1181 inquit,
576 1094 784 1184 prtesmbilius
804 1094 936 1177 ridetur,
952 1098 1047 1182 quem
1062 1117 1156 1182 posse
1170 1097 1280 1162 dieen-

254 1215 295 1280 do
310 1225 417 1284 tenere
431 1215 598 1284 homiuum
612 1228 728 1298 coetus,
740 1229 861 1284 mentes
875 1217 1011 1298 allicere,
1025 1219 1204 1284 voluntates
1219 1218 1283 1282 im-

250 1339 380 1425 pellere,
394 1341 458 1426 qud
472 1340 549 1407 velis
562 1364 572 1420 3
587 1339 672 1406 unde
687 1351 793 1406 autem
807 1340 896 1420 uelis,
909 1341 1080 1407 deducere.
1119 1339 1201 1406 Hice
1216 1362 1282 1405 una

252 1480 302 1526 res
320 1459 353 1526 iu
368 1457 456 1526 omrri
471 1459 570 1526 libero
584 1463 715 1550 pop'ulo,
730 1462 929 1550 maximeque
943 1463 978 1530 in
992 1459 1112 1550 pacatis
1126 1461 1281 1548 tranquil-

252 1583 354 1672 lisque
368 1583 559 1668 civitatibus,
581 1586 740 1674 precipue
756 1609 878 1672 semper
891 1587 1009 1667 floruit,
1024 1607 1208 1674 semperque
1223 1585 1282 1652 do·

251 1693 371 1777 minate
392 1721 453 1774 est.
496 1707 584 1780 Quid
606 1709 692 1774 enim
707 1720 755 1772 est
769 1719 824 1773 aut
838 1721 902 1773 tum
918 1707 1109 1790 admirabile,
1132 1712 1228 1795 quim
1242 1729 1283 1774 ex

251 1829 374 1896 inlinitt
387 1829 589 1896 multitudiue
605 1828 770 1894 hominum
785 1829 934 1894 exsistere
948 1851 1060 1911 unum,
1073 1831 1127 1917 qui
1142 1831 1184 1912 id,
1196 1831 1282 1917 quod

252 1947 400 2018 omnibus
414 1955 526 2018 naturl
541 1951 582 2016 sit
597 1952 718 2032 datum,
734 1955 783 2016 vel
799 1953 898 2030 solus,
911 1955 961 2015 vel
974 1973 1047 2016 cum
1057 1951 1166 2038 paucis
1179 1955 1282 2020 lacere

250 2069 375 2160 possiti
396 2065 461 2138 ⁴aut
483 2083 549 2138 tam
567 2071 747 2160 jucundum
771 2073 903 2158 cognitu
926 2084 1021 2160 atque
1044 2073 1164 2156 auditu,
1186 2079 1285 2162 quim

251 2189 446 2280 sapientibus
471 2193 636 2260 sententiis
659 2193 867 2279 gravibusque
882 2193 984 2258 uerbis
1000 2203 1110 2258 ornate
1123 2194 1234 2276 oratio,
1248 2205 1285 2262 et

250 2295 430 2406 perpolite?
465 2329 520 2384 aut
545 2329 612 2384 tam
637 2327 762 2402 potens,
787 2325 914 2401 tamque
942 2315 1159 2402 magnificum,
1185 2321 1281 2404 quim

249 2440 361 2532 populi
389 2433 507 2522 mobis,
541 2440 686 2528 judicum
713 2439 904 2526 religionem·
933 2444 1059 2506 senatlls
1094 2440 1280 2525 gmvitatem

249 2563 345 2632 unius
358 2557 512 2628 ¹oratione
539 2561 703 2628 converti?
732 2561 818 2632 Quid
845 2562 939 2646 porrb
961 2573 1027 2626 turn
1053 2560 1186 2644 regium,
1214 2573 1279 2626 tam

250 2683 388 2769 liberale,
411 2655 477 2751 tam
503 2683 702 2766 munificum,
729 2687 824 2770 quim
848 2703 941 2770 opem
967 2681 1048 2746 ferre
1074 2680 1279 2768 supplicibus,

249 2809 383 2876 excitare
399 2811 542 2891 afflictos,
556 2807 628 2872 dare
642 2807 788 2888 salutem,
811 2806 942 2872 liberare
965 2805 1122 2892 perieulis,
1144 2804 1279 2870 retinere

248 2931 393 2996 homines
409 2934 443 2996 in
457 2909 607 2998 ciuitate?
635 2931 721 3001 Quid
736 2940 841 2994 autem
856 2943 919 2995 tam
933 2929 1156 3009 necessarium,
1181 2933 1277 3014 qudm

250 3063 357 3119 tenere
372 3073 495 3138 semper
509 3071 605 3134 arma,
622 3051 737 3138 quibus
752 3051 801 3114 vel
814 3060 917 3114 tectus
932 3049 999 3134 ipse
1015 3069 1084 3111 esse
1097 3041 1212 3135 possis,
1227 3053 1278 3116 vel

247 3193 418 3263 provocare
431 3175 602 3260 improbos,
615 3177 664 3240 vel
679 3185 710 3240 te
724 3171 836 3238 ulcisci
848 3169 1011 3236 lacessitus
1025 3173 1036 3236 ?
1054 3174 1124 3258 Age
1139 3175 1223 3254 verb,
1237 3195 1278 3238 ne

249 3320 372 3389 semper
386 3300 502 3375 iorum,
517 3297 679 3378 subsellia,
693 3307 804 3376 rostra,
819 3294 1000 3380 curiamque
1015 3295 1184 3377 mediteris,
1201 3297 1277 3384 quid

177 3495 179 3503 ,
248 3451 317 3499 esse
331 3435 437 3515 potest
451 3425 485 3488 in
499 3419 564 3485 otio
580 3429 634 3482 aut
645 3417 830 3506 jucundius,
855 3429 910 3484 aut
923 3417 1023 3503 magis
1038 3419 1199 3504 proprium
1213 3421 1276 3484 bu·

247 3553 418 3634 manium,
433 3555 529 3637 quim
548 3565 650 3610 sermo
665 3545 800 3626 facetus,
815 3563 851 3607 ac
865 3543 953 3605 nulls
967 3539 1000 3604 in
1015 3563 1055 3605 re·
1064 3541 1148 3606 rudis
1163 3545 1174 3606 l
1199 3541 1275 3608 Hoc

248 3675 334 3742 enim
349 3695 414 3741 uno
428 3681 613 3762 prestamus
628 3667 678 3731 vel
694 3666 829 3730 maxime
844 3661 929 3742 feris,
954 3662 1038 3748 qubd
1060 3660 1272 3746 colloquimur

247 3797 329 3864 iuter
356 3817 426 3876 nos,
452 3804 485 3859 el
508 3789 593 3879 qubd
620 3787 793 3876 exprimere
819 3783 954 3856 diceudo
979 3805 1070 3848 sensa
1095 3793 1275 3869 possumus.

247 3921 462 3997 Quamobrem
484 3915 566 4004 quis
579 3916 640 3982 boc
664 3933 729 3981 uon
748 3909 820 3998 jure
835 3907 976 3990 miretur,
989 3911 1174 4006 sunmeque
1188 3907 1220 3974 in
1235 3929 1275 3992 eo
