2804 4524
253 307 297 369 m
612 292 668 366 er
689 271 739 364 bi.
760 277 929 366 rutulo

252 473 375 560 plitudo
391 463 555 552 Pramnio
576 493 637 538 nec
652 471 718 559 ipse
742 467 932 538 Aristoteles
952 466 1296 563 admirabilifflulrltor

252 591 384 662 scientit
396 591 545 680 et'copit,
554 603 743 670 ceterorum
754 591 859 658 studia
868 591 1027 658 restinxit.
1048 590 1121 658 Ne'e
1133 593 1288 658 solumab

252 717 380 805 optimis
404 715 516 782 studiis
537 716 729 782 excellentes
749 713 809 782 viri
826 713 968 782 deterriti
989 735 1055 782 non
1074 715 1234 798 sunt,·sed
1246 731 1290 783 ne

252 837 381 926 opifices
395 837 524 924 quidem
538 859 573 902 se
588 835 707 904 artibus
722 835 788 904 suis
804 849 1019 920 removerunt,
1033 837 1089 924 qni
1111 849 1165 906 aut
1180 829 1291 926 lnlps'i,

253 981 348 1046 quem
376 957 482 1025 Rhodi
508 955 659 1039 vidimus,
685 979 750 1024 non
772 967 959 1044 potueruut,
984 969 1040 1026 aut
1055 957 1131 1026 cote
1156 953 1295 1026 Vener'le

249 1081 518 1170 pulchritudinem
541 1079 668 1148 imitari.
712 1081 783 1148 Nec
811 1079 980 1147 simulacro
1008 1082 1099 1148 Jovis
1126 1083 1286 1172 Olympii,

251 1215 306 1272 aut
319 1205 501 1292 Doryphori
524 1209 628 1272 statut
642 1203 795 1288 deterriti,
809 1205 923 1294 reliqui
937 1201 1043 1272 minus
1058 1203 1179 1293 experti
1199 1217 1291 1290 sunt,

250 1323 327 1412 quid
348 1323 484 1406 efficere,
510 1333 566 1391 aut
597 1325 661 1410 qub
686 1323 832 1411 progredi
853 1329 1007 1410 possentr
1038 1333 1175 1410 quorum
1198 1331 1292 1390 tanta

250 1446 422 1514 mualtitudo
435 1449 506 1529 mit,
518 1457 606 1514 tanta
617 1448 651 1512 in
660 1469 719 1514 suo
734 1446 889 1536 cujusque
901 1469 1017 1534 genere
1031 1448 1114 1528 laus,
1136 1455 1185 1527 ut,
1208 1449 1289 1514 cum

250 1589 375 1636 summa
388 1571 585 1652 miraremur,
605 1570 753 1636 inferiora
767 1580 874 1634 tamen
889 1571 1106 1654 probaremur.
1150 1567 1189 1632 in
1213 1587 1287 1632 ora*

249 1693 370 1760 toribus
389 1695 471 1775 verb,
491 1695 612 1759 Groecis
633 1693 773 1780 quidem,
793 1679 975 1757 admirabile
989 1703 1050 1774 est,
1065 1696 1219 1781 quantum
1234 1691 1288 1756 in-

248 1827 298 1882 ter
311 1837 422 1880 omnes
435 1837 519 1880 unus
532 1817 673 1880 excellat.
718 1816 882 1896 Attamen,
902 1816 975 1881 cbm
989 1823 1073 1880 esset
1087 1815 1286 1881 Demosthe·

249 1953 318 2018 nes,
331 1936 425 2002 multi
437 1945 575 2002 oratores
587 1937 695 2022 magni
707 1948 740 2002 et
749 1937 825 2002 clari
834 1937 975 2019 suerunt,
991 1949 1024 2004 et
1037 1947 1131 2004 antea
1148 1939 1287 2022 fuerant,

249 2079 310 2125 nec
324 2069 434 2146 postea
447 2059 642 2127 defecerunt.
685 2061 791 2132 Quare
806 2083 871 2126 non
887 2068 948 2142 est,
966 2083 1024 2126 cnr
1037 2081 1166 2143 eorum,
1175 2063 1231 2149 qui
1251 2063 1288 2128 se'

250 2181 355 2248 studio
378 2183 567 2270 eloquentior
585 2183 787 2264 dediderunt,
810 2183 882 2271 spes
905 2181 1107 2271 infringatur,
1135 2193 1191 2252 eut
1212 2187 1285 2252 lan-

249 2315 379 2392 guescat
401 2307 566 2374 industrie.
612 2307 696 2372 Num
711 2327 815 2394 neque
830 2308 910 2374 illud
925 2307 1040 2395 ipsum,
1056 2307 1143 2397 qu'od
1154 2321 1203 2376 est
1221 2331 1282 2398 op-

248 2427 375 2508 timum,
386 2427 613 2516 desperandum
626 2439 696 2509 est3
719 2429 752 2495 e't
767 2429 801 2494 in
813 2429 1036 2516 prestantibus
1050 2433 1156 2512 rebus,
1169 2451 1285 2515 magns

248 2561 324 2618 sunt
340 2573 388 2632 ea,
404 2573 476 2638 quoe
488 2563 564 2618 sunt
576 2551 704 2638 optimis
719 2551 872 2638 proxima.

291 2675 399 2762 Atque
412 2697 472 2761 ego
487 2675 521 2739 in
536 2694 662 2740 summo
674 2685 796 2740 oratore
811 2673 961 2762 fingendo
980 2675 1077 2742 talem
1092 2677 1282 2758 informabo,
1374 2730 1377 2736 .

247 2797 349 2884 qualis
363 2799 495 2862 fortasse
511 2815 605 2862 nemo
619 2795 691 2863 fuit.
736 2793 812 2865 Non
836 2795 921 2863 enirn
947 2818 1056 2886 quero
1081 2797 1281 2885 quisiuerit,

249 2919 305 2984 red
319 2920 397 3005 quid
412 2920 453 2984 sit
469 2920 562 3001 illud,
575 2941 639 3006 quo
655 2919 736 2984 nillil
751 2921 852 3006 possit
866 2938 935 2986 esse
949 2919 1174 3008 prestantius,
1196 2919 1283 3010 quod

247 3037 281 3105 in
295 3040 506 3125 perpetuitate
522 3041 659 3122 dicendi,
675 3063 739 3106 non
755 3061 853 3127 saepe,
868 3049 963 3126 atque
977 3041 1063 3106 haud
1078 3041 1145 3108 scio
1159 3063 1200 3107 an
1215 3063 1280 3108 un·

249 3183 357 3248 quam,
380 3161 410 3224 in
430 3163 536 3248 alique
557 3173 760 3249 autemparte
772 3163 1185 3250 eluceataliquendo,itlem
1197 3165 1282 3252 apud

247 3285 324 3352 alios
337 3283 477 3366 densius,
489 3282 573 3370 apud
583 3285 661 3352 alios
675 3287 806 3352 sortasse
815 3287 924 3355 rarius.
953 3287 1019 3354 seu
1031 3309 1090 3375 ego
1102 3289 1148 3356 sic
1159 3299 1279 3372 statuo,

247 3405 328 3471 nihil
343 3427 412 3471 esse
424 3405 458 3472 in
473 3407 540 3470 ullo
554 3429 670 3492 genere
685 3417 750 3473 tam
766 3409 946 3494 pulchrum,
959 3431 1023 3498 quo
1033 3432 1097 3474 non
1112 3409 1279 3496 pulchrius

147 3619 153 3630 .
246 3525 280 3600 id
294 3527 345 3608 sit,
361 3527 446 3594 unde
460 3527 550 3609 illud,
566 3539 602 3592 ut
617 3551 657 3592 ex
670 3551 723 3593 ore
738 3529 856 3617 aliquo,
877 3531 967 3618 quasi
983 3531 1100 3615 imago,
1123 3531 1279 3616 exprima-

247 3659 301 3717 tur
311 3673 321 3731 ς
345 3651 430 3738 quod
450 3673 553 3739 neque
571 3651 683 3732 oculis,
707 3675 811 3740 neque
829 3651 970 3734 auribus,
987 3675 1090 3738 neque
1102 3653 1171 3717 ullo
1185 3673 1281 3720 sensu

245 3769 363 3864 percipi
378 3783 496 3860 potest,
508 3773 700 3861 cogitatione
716 3778 841 3844 tantum
858 3783 891 3840 et
905 3785 1012 3842 mente
1025 3775 1278 3862 complectimur.

246 3897 356 3986 ltaque
382 3907 415 3963 et
436 3897 557 3966 Phidioe
578 3897 767 3982 simulmris,
789 3897 906 3988 quibus
927 3897 1007 3967 nibil
1026 3897 1060 3966 iu
1082 3898 1138 3966 illo
1162 3920 1276 3987 genere
