2756 4484
259 207 320 264 unt
659 195 887 266 Et‘ts'rotne'

261 374 421 456 gubernes
452 381 484 436 et
516 371 675 440 moderere
705 374 872 460 prudentis
908 377 975 456 tul,
1012 396 1051 440 ne
1081 387 1113 440 te
1147 377 1305 440 auferant

263 491 397 558 aliorum
421 493 562 560 consilia.
608 494 713 562 Nemo
736 497 860 580 estqui
887 495 945 560 tibi
971 495 1146 580 sapientius
1162 497 1306 562 suadere

259 615 359 702 possit
380 617 505 702 teipso:
529 639 691 704 nunquam
709 621 826 700 tabere,
841 619 868 684 si
884 631 915 684 te
930 617 1050 684 audies.
1088 615 1169 684 Non
1186 620 1301 684 scribo

260 739 321 804 hoc
336 743 452 806 temere
467 765 475 804 ε
499 741 550 806 cui
564 741 709 818 scribam,
724 741 834 806 video:
857 741 931 806 novi
946 739 1098 820 animum,
1114 741 1197 804 novi
1215 763 1298 808 eon-

262 859 366 924 silium
383 871 486 924 tuum.
522 860 599 924 Non
614 881 722 926 vereor
737 859 854 946 nequid
869 857 991 940 timide,
1007 881 1111 946 neque
1125 862 1234 926 stulte
1249 863 1299 926 ra-

261 979 337 1060 eias,
354 981 380 1044 si
395 1001 432 1044 ea
447 979 608 1062 defendes,
619 1003 690 1068 quae
706 981 774 1066 ipse
787 963 872 1054 recta
886 1002 954 1046 esse
968 979 1095 1044 senties.
1140 981 1248 1048 Quod
1262 981 1295 1044 in

261 1102 293 1166 id
314 1103 497 1188 reipublicae
521 1113 646 1188 tempus
670 1126 735 1168 non
760 1103 916 1186 incideris,
935 1103 990 1168 sed
1005 1101 1140 1184 veneris,
1162 1101 1300 1188 (judicio

260 1225 345 1290 enirn
362 1235 431 1305 tuo,
455 1245 521 1290 non
537 1247 611 1292 casu
626 1226 659 1292 in
675 1227 778 1312 ipsum
802 1225 971 1290 discrimen
993 1245 1096 1290 rerum
1119 1225 1293 1290 contulisti

258 1349 452 1414 tribunatum
469 1349 591 1432 tuumr)
609 1349 751 1434 profecto
767 1349 864 1430 vides,
879 1347 1057 1434 quantavis
1072 1346 1106 1412 in
1121 1349 1291 1432 republica

259 1479 438 1554 temporum
453 1469 505 1549 sit,
521 1481 639 1556 quanta
654 1469 784 1534 varietas
796 1489 913 1548 rerum,
929 1471 1022 1554 quim
1037 1467 1153 1534 incerti
1169 1467 1289 1546 exitus,

257 1591 353 1674 quim
382 1589 533 1654 flexibiles
561 1589 725 1654 hominum
753 1589 953 1653 voluntates:
986 1587 1062 1674 quid
1085 1587 1290 1666 insidiarum,

257 1711 333 1796 quid
365 1711 511 1776 vanitatis
539 1711 572 1776 iu
599 1710 674 1790 virt,
695 1729 759 1774 non
786 1708 897 1774 dubito
924 1707 1001 1794 quin
1028 1707 1163 1792 cogites.
1211 1709 1288 1788 Sed,

257 1837 370 1898 amabo
385 1845 427 1914 te,
443 1854 517 1898 cura
534 1843 566 1896 et
587 1831 692 1918 cogita
715 1831 793 1896 nihil
818 1832 904 1914 novi,
922 1829 978 1896 scd
1001 1830 1080 1897 illud
1095 1831 1185 1896 idern
1202 1833 1288 1918 qnod

256 1953 349 2018 initio
364 1953 494 2040 scripsi:
519 1965 624 2018 tecum
641 1955 768 2038 loquere
783 1963 815 2016 et
830 1963 861 2016 tc
877 1918 991 2016 adhibe
1005 1951 1037 2014 in
1051 1952 1240 2032 eonsilium,
1256 1965 1287 2018 te

254 2073 338 2154 audi,
362 2073 419 2138 tibi
442 2075 634 2160 obtempera.
678 2074 779 2138 Alteri
801 2075 856 2162 qui
882 2073 994 2138 melius
1018 2074 1091 2138 dare
1110 2076 1286 2140 eonsilium

250 2196 360 2282 possit,
376 2202 471 2282 quarn
488 2207 535 2276 tu,
551 2219 616 2260 non
632 2197 721 2260 facile
738 2195 870 2262 inveniri
893 2207 997 2282 potest
1007 2221 1018 2276 3
1042 2197 1100 2262 tibi
1124 2202 1204 2264 verb
1221 2199 1280 2286 ipsi

252 2325 335 2384 certe
352 2341 445 2384 nemo
461 2318 573 2384 melius
590 2319 687 2385 dabit.
731 2319 787 2384 Dii
811 2320 1026 2386 immortales?
1051 2341 1107 2384 eur
1127 2342 1192 2406 ego
1218 2345 1283 2388 non

254 2441 363 2506 adsum
380 2444 428 2506 rel
444 2453 602 2528 spectator
617 2441 743 2506 laudum
760 2455 898 2522 tuarum,
911 2445 960 2505 sel
975 2442 1143 2528 particeps,
1159 2447 1213 2507 vel
1229 2468 1282 2509 so-

250 2565 330 2643 cius,
346 2565 394 2628 vel
419 2563 561 2629 minister
575 2565 800 2628 consiliorum?
826 2547 898 2628 Jnm
914 2564 974 2628 etsi
990 2565 1050 2627 hoc
1065 2563 1198 2629 minimi:
1218 2567 1279 2631 tibi

229 2727 232 2738 ·
252 2690 350 2768 deest,
374 2689 428 2752 sed
444 2701 547 2752 tamen
573 2689 711 2752 efficeret
735 2686 920 2772 magnitudo
946 2697 978 2750 et
993 2687 1038 2752 ris
1061 2688 1177 2752 amoris
1202 2691 1281 2770 mei,

253 2809 387 2874 consilio
402 2821 432 2872 tc
449 2821 482 2872 ut
499 2807 754 2894 possernjuvarc.
799 2807 940 2871 Scribam
965 2808 1004 2871 ad
1026 2817 1056 2871 te
1072 2811 1164 2895 plura
1186 2811 1279 2876 aliis.

252 2931 363 2996 Paucis
378 2932 462 2994 euim
480 2931 589 2994 diebus
604 2953 686 2995 crarn
703 2932 854 2996 missurus
869 2931 1058 2996 domesticos
1073 2935 1277 3014 tabellarios3

250 3069 298 3134 ut,
314 3057 460 3140 quonium
478 3061 552 3120 sune
570 3055 713 3134 feliciter,
736 3065 767 3119 et
783 3077 822 3118 ex
838 3037 909 3118 mell
922 3053 1079 3118 sententia
1099 3059 1275 3144 rempubli-

249 3203 317 3246 carn
329 3180 493 3266 gessimus,
504 3177 575 3242 unis
588 3177 685 3240 literis
699 3177 795 3242 totius
809 3177 927 3242 rostatis
943 3199 990 3242 res
1005 3188 1109 3261 gestas
1125 3178 1165 3242 ad
1181 3201 1275 3244 sena-

249 3319 318 3374 tune
333 3307 567 3392 perscriberem.
599 3305 651 3368 De
667 3303 839 3368 sacerdotio
855 3315 911 3366 tuo
926 3315 1076 3390 quantam
1091 3328 1201 3370 curam
1215 3311 1271 3373 ad-

248 3434 418 3512 lribuerirn,
435 3451 612 3517 quanquam
635 3429 754 3493 difficili
770 3429 801 3494 in
817 3451 849 3492 re
865 3441 958 3516 atque
974 3435 1078 3508 const,
1098 3453 1273 3516 cognosces

247 3583 287 3623 esc
304 3559 340 3623 iis
365 3557 474 3638 literis,
492 3579 567 3641 quas
589 3555 759 3634 Thrasoni,
787 3555 989 3650 libertatum
1015 3553 1097 3620 dedi.
1142 3556 1202 3637 Te,
1226 3559 1270 3621 mi

249 3683 355 3760 Curio,
389 3705 444 3768 pro
477 3685 531 3745 tud
556 3677 731 3744 incredibili
758 3677 789 3742 iu
816 3699 865 3741 rne
886 3677 1114 3758 benevolentia,
1140 3686 1271 3766 merique

247 3808 322 3870 iteru
340 3805 370 3868 iu
388 3815 417 3869 te
434 3801 595 3888 singulari,
612 3823 687 3886 rogo
703 3811 796 3884 atquc
812 3821 878 3880 orn,
901 3822 939 3864 ue
961 3799 1077 3886 patiare
1099 3801 1268 3888 quidquam
