2804 4524
234 303 255 362 4
589 285 642 352 Ee
664 289 715 356 M.
737 284 905 360 TULLIO

278 467 326 530 Ao
340 463 367 528 si
382 463 528 530 volumus
548 461 643 550 hujus
666 463 723 546 rei,
747 487 820 551 quae
834 477 964 532 vocatur
985 468 1175 556 eloquentis,
1196 469 1263 538 sive

234 587 320 668 artis,
332 585 397 652 sive
409 585 516 666 studii,
533 586 596 650 sive
610 586 841 652 exercitationis
856 585 1032 674 cujusdam,
1047 589 1112 656 sive
1126 593 1261 658 facultae

233 711 274 776 tis
298 715 317 776 a
337 717 448 774 natura
462 711 613 794 profecta:
628 709 823 773 considerare
836 710 1048 796 principium:
1070 713 1262 800 reperiemus

234 833 267 900 id
281 856 321 898 ex
335 831 565 898 honestissimis
578 833 679 897 causis
695 843 817 912 natum,
830 845 924 920 atque
936 837 975 900 ab
988 836 1115 922 optimis
1129 838 1260 904 rationi·

234 955 294 1022 bus
308 957 497 1044 profectum.
542 955 626 1020 Nam
641 955 703 1020 fuit
717 955 874 1040 quoddam
889 968 1026 1044 tempus,
1042 963 1116 1024 cum
1130 960 1164 1024 in
1178 960 1261 1044 agris

236 1078 380 1144 homines
398 1077 514 1164 passim
537 1076 708 1142 bestiarum
723 1099 809 1142 more
824 1081 1028 1162 vagabantur,
1049 1089 1082 1144 et
1100 1073 1161 1146 sibi
1175 1082 1262 1148 victu

234 1201 336 1266 ferino
357 1200 452 1266 vitam
472 1201 686 1286 propagabant
697 1223 707 1279 3
731 1222 790 1264 nec
814 1200 935 1264 ratione
957 1201 1053 1268 animi
1075 1201 1259 1288 quidquam,

234 1324 289 1389 sed
302 1327 449 1410 pleraque
461 1323 577 1387 viribus
593 1321 729 1408 corporis
745 1321 1013 1389 administrabant.
1040 1325 1193 1390 Nondum
1208 1327 1258 1390 di·

233 1449 316 1512 vinae
331 1447 503 1533 religionis,
523 1468 588 1511 non
601 1446 731 1510 humani
747 1447 840 1511 officii
863 1448 942 1512 ratio
957 1451 1138 1514 colebatur:
1163 1471 1260 1514 nemo

231 1568 387 1655 legitimas
404 1568 522 1632 viderat
537 1567 680 1654 nuptias:
704 1591 769 1632 non
784 1581 886 1634 certos
902 1569 1067 1654 quisquam
1082 1569 1259 1656 inspexerat

231 1693 368 1759 liberos:
393 1715 457 1756 non
467 1689 521 1776 jus
536 1689 702 1774 aequabile,
716 1690 790 1773 quid
805 1691 948 1754 utilitatis
961 1693 1102 1773 haberet,
1128 1715 1257 1780 accepe-
1365 1751 1367 1755 ,

232 1827 290 1880 rat.
323 1815 371 1878 Ita
383 1823 510 1898 propter
522 1831 657 1876 errorem
669 1821 763 1896 atque
775 1812 942 1892 inscitiam,
955 1835 1039 1878 caeca
1050 1837 1085 1881 ac
1098 1816 1259 1882 temeraria

235 1933 424 2000 dominatrix
445 1932 541 1996 animi
564 1933 729 2018 cupiditas,
753 1933 791 1996 ad
806 1956 839 1996 se
855 1935 1040 2020 explendam
1055 1936 1172 2002 viribus
1187 1959 1259 2002 eor-

234 2053 322 2141 poris
338 2054 537 2132 abutebatur,
555 2050 830 2137 perniciosissimis
846 2053 1046 2120 satellitibus.
1090 2055 1164 2126 Quo
1178 2065 1259 2122 tem·

231 2173 755 2265 porequidam,magnusvidelicet
766 2175 856 2239 viret
868 2177 1006 2262 sapiens,
1012 2176 1176 2264 cognovit,
1184 2201 1256 2264 quas

236 2301 367 2366 materia
382 2309 477 2378 esset,
493 2307 525 2361 et
540 2309 658 2384 quanta
672 2297 710 2361 ad
727 2297 877 2362 maximas
893 2321 941 2364 res
956 2299 1175 2385 opportunitas
1190 2301 1257 2368 ani·

231 2423 293 2488 mis
308 2423 425 2486 inesset
440 2419 619 2500 hominum,
634 2419 660 2483 si
673 2419 744 2504 quis
757 2440 829 2482 eam
838 2431 945 2505 posset
957 2419 1081 2501 elicere,
1097 2433 1129 2488 et
1140 2423 1256 2507 praeci·

228 2546 345 2632 piendo
358 2543 519 2610 meliorem
535 2542 682 2606 reddere:
707 2541 762 2627 qui
778 2541 935 2628 dispersos
950 2543 1095 2608 homines
1116 2544 1151 2608 in
1172 2545 1254 2630 agris

230 2681 262 2736 et
284 2670 316 2734 in
332 2669 424 2734 tectis
439 2665 642 2752 sylvestribus
658 2665 793 2746 abditos,
820 2664 940 2732 ratione
955 2665 1089 2752 quadam
1101 2669 1256 2756 compulit

229 2794 263 2860 in
285 2815 386 2857 unum
407 2793 525 2873 loqum,
549 2799 581 2853 et
600 2789 815 2874 congregavit,
834 2800 865 2853 ct
881 2811 934 2854 eos
947 2789 980 2852 in
1001 2811 1256 2878 unamquamque

227 2937 293 2982 rem
309 2914 462 2978 inducens
479 2913 589 2976 utilem
601 2923 694 2998 atque
706 2912 884 2990 honestam,
897 2911 998 2996 primb
1017 2925 1146 2996 propter
1165 2915 1253 2978 inso-

227 3035 357 3103 lentiam
371 3039 586 3111 reclamantes,
594 3031 707 3094 deinde
716 3043 845 3116 propter
857 3031 1024 3112 rationem,
1031 3043 1126 3118 atque
1136 3035 1251 3100 oratio-

230 3183 303 3228 nem
312 3159 487 3230 studiosius
500 3155 673 3233 audientes,
684 3176 722 3216 ex
732 3155 805 3217 feris
815 3165 846 3217 et
859 3153 1064 3238 immanibus,
1076 3155 1168 3222 mites
1180 3157 1253 3230 red-9

229 3284 309 3349 didit
322 3293 354 3347 et
367 3290 556 3345 mansuetos.
589 3278 637 3339 Ac
650 3277 727 3339 mihi
742 3275 870 3362 quidem
878 3275 1003 3341 videtur
1014 3277 1075 3343 hoc
1088 3301 1146 3344 nec
1158 3279 1254 3347 tacita

227 3431 288 3473 nec
300 3407 392 3490 inops
403 3401 527 3468 dicendi
540 3399 691 3486 sapientia
703 3401 851 3484 perficere
861 3398 1013 3484 potuisse,
1026 3413 1062 3467 ut
1074 3404 1220 3470 homines
1233 3411 1252 3470 :i

227 3525 457 3595 consuetudine
469 3522 575 3588 subitis
589 3531 793 3600 eomertcret,
813 3531 844 3584 et
864 3521 902 3584 ad
917 3519 1051 3586 diuersas
1068 3521 1139 3588 vitae
1155 3523 1250 3589 ratio-

227 3669 283 3714 nes
298 3645 484 3714 traddccret.
508 3645 576 3726 Age
589 3643 672 3722 verb,
683 3627 813 3706 urbibus
829 3639 1021 3723 constitutis,
1036 3655 1070 3708 ut
1086 3643 1179 3710 fidem
1195 3669 1249 3711 co-

228 3775 303 3854 lere,
319 3783 351 3836 et
361 3767 519 3856 justitiam
534 3765 667 3831 retinere
683 3765 851 3844 discerent,
864 3775 896 3830 ct
910 3763 978 3830 aliis
993 3787 1100 3850 parere
1116 3771 1173 3833 sut
1188 3793 1244 3835 vo-

227 3881 348 3964 luntate
370 3871 629 3976 consuescerent,
646 3911 682 3954 aa
706 3909 769 3952 non
788 3887 880 3953 modo
894 3889 1016 3955 labores
1031 3889 1244 3977 excipiendos,
