2750 4510
624 277 677 342 Ee
700 275 750 344 Μ.
772 275 942 346 Turno

485 639 542 768 Ex
572 689 655 766 Lib.
673 629 747 768 lli.
776 694 836 768 De
862 693 1061 768 osricus.

636 955 912 1032 REGULUS.

257 1119 354 1250 Μ.
379 1165 495 1230 aulius
518 1165 674 1249 Regulus,
698 1169 769 1230 clam
795 1167 906 1232 consul
935 1165 1051 1230 iterum
1073 1162 1107 1228 in
1121 1163 1230 1228 Africa
1252 1185 1294 1230 ex

256 1287 379 1352 insidiis
400 1297 512 1372 captus
526 1298 622 1366 esset,
639 1286 719 1352 duce
733 1285 899 1372 Xantippo
921 1283 1174 1366 Lacedaemonio,
1188 1283 1292 1374 inspe-

253 1423 355 1478 ratore
371 1421 490 1492 autern,
512 1421 598 1498 patre
619 1409 821 1494 Hannibalis,
847 1409 1049 1486 Harnilcare3
1069 1405 1196 1494 juratus
1211 1409 1290 1474 mis·

254 1541 371 1599 suaest
386 1532 596 1612 adamatum,
620 1541 667 1612 ut,
691 1531 752 1598 nisi
774 1531 887 1596 redditi
913 1543 1019 1596 essent
1041 1529 1151 1594 Poenis
1177 1529 1292 1616 captia·

253 1656 374 1720 nobiles
393 1656 532 1744 quidanr,
555 1655 669 1720 rediret
691 1655 758 1738 ipse
785 1653 1021 1738 Carthaginem.
1066 1653 1097 1718 la
1121 1656 1197 1718 cunr
1222 1653 1288 1718 lto-

179 1809 182 1816 ·
254 1801 339 1844 mam
355 1779 502 1858 venisset,
519 1777 664 1842 utilitatis
685 1775 824 1862 speciem
845 1776 969 1840 videbat
978 1801 994 1856 3.
1012 1777 1067 1840 sed
1082 1798 1163 1856 eun,
1188 1788 1288 1864 utres

253 1901 400 1978 declarat,
415 1902 525 1964 falsam
536 1897 713 1985 judicavit;
737 1921 808 1993 qqe
824 1909 888 1962 erat
905 1899 986 1962 talis.
1032 1897 1164 1962 ttsnere
1179 1899 1213 1962 in
1226 1919 1283 1984 pa-
1362 1913 1363 1978 l

254 2019 326 2100 trit,
342 2043 409 2086 esse
425 2019 510 2084 donli
525 2041 591 2084 suae
608 2041 681 2084 eum
705 2007 816 2098 uxore,
839 2043 912 2084 curn
937 2019 1064 2114 liberis5
1088 2041 1184 2106 quern
1208 2021 1290 2084 cala·
1362 1999 1363 2012 ἵ

254 2141 396 2206 mitatem
418 2141 591 2228 accepisset
613 2142 758 2222 inbelle,
782 2163 985 2206 eonnrntuenr
1008 2144 1146 2208 fortunae
1170 2141 1289 2206 bellicae

249 2241 458 2352 judicantem,
474 2277 580 2330 tencre
593 2264 766 2328 consularis
781 2263 944 2348 diguitatis
959 2267 1112 2350 gradum:
1136 2265 1208 2351 quis
1224 2266 1295 2332 hac.

253 2399 349 2479 neget
372 2411 440 2456 esse
456 2389 546 2454 utilia
560 2391 570 2454 l
597 2387 674 2474 quid
689 2392 820 2454 censes?
851 2389 1036 2472 magnitudo
1052 2389 1150 2456 animi
1173 2401 1206 2454 et
1224 2391 1287 2456 for-

189 2593 194 2604 ·
250 2515 357 2580 titudo
372 2525 479 2600 negat.

296 2639 348 2700 An
365 2635 585 2722 locupletiores
599 2633 714 2720 quaeris
730 2638 900 2700 auctores?
929 2635 1051 2700 Harum
1063 2633 1150 2700 enim
1167 2647 1215 2700 est
1230 2635 1289 2700 rir-

253 2773 359 2827 tutum
381 2760 541 2848 proprium
566 2759 610 2822 nil
634 2757 859 2838 extimescere3
891 2758 998 2824 omnia
1022 2759 1163 2824 humana
1189 2759 1290 2846 despi-

253 2905 344 2962 cere;
378 2883 469 2958 nihil,
493 2881 577 2968 quod
601 2880 724 2944 homini
747 2880 886 2944 accidere
915 2881 1025 2966 possit,
1054 2879 1289 2946 intolerandum

251 3015 373 3088 putare.
418 3003 528 3088 Itaque
556 3003 633 3090 quid
655 3003 755 3094 leq-ill
792 3003 828 3068 ln
843 3013 988 3068 senatum
1012 3003 1119 3066 venite
1144 3003 1292 3070 mandata
1361 3029 1362 3086 3

252 3125 419 3212 exposuit:
443 3125 633 3190 sententiam
648 3149 686 3190 ne
697 3126 827 3206 diceret,
842 3127 995 3190 recusavit
1010 3151 1016 3190 :
1034 3127 1187 3212 quamdiu
1198 3126 1289 3214 jure·

242 3249 379 3336 jurando
396 3247 535 3312 hostium
551 3259 720 3328 teneretur,
738 3269 802 3312 non
819 3271 888 3312 esse
904 3271 936 3312 se
953 3261 1140 3346 senatorem.
1176 3253 1283 3338 Atque

248 3375 328 3440 illud
350 3373 444 3437 etiam
465 3376 497 3456 (ὀ
512 3373 645 3436 stultum
660 3371 835 3452 lrontinenr,
857 3371 969 3436 dixedt
992 3372 1162 3462 quispiam,
1189 3385 1222 3440 et
1243 3397 1290 3440 re-

249 3512 443 3584 pugnantem
455 3495 582 3560 utilitati
593 3517 660 3560 suta
674 3497 696 3576 l)
717 3493 803 3560 reddi
812 3493 965 3580 captiuos
975 3497 1100 3580 negant
1110 3504 1179 3560 es‘se
1191 3497 1287 3562 utile:
1321 3545 1326 3558 ,

250 3620 322 3682 illos
338 3621 422 3686 enirn
438 3621 653 3684 adolescentes
669 3640 750 3698 esse,
767 3627 798 3681 et
814 3620 916 3682 bonos
932 3617 1029 3684 duces
1043 3643 1052 3700 3
1076 3641 1109 3684 se
1120 3617 1189 3708 jam
1208 3641 1284 3686 coa·

251 3747 372 3816 lectum
387 3754 561 3810 senectute.
607 3741 707 3828 Cujus
722 3745 797 3808 cum
813 3741 964 3808 valuisset
979 3742 1161 3826 auctoritas,
1177 3743 1288 3830 captivi

250 3866 364 3951 edenti
379 3879 478 3958 sunt:
503 3867 570 3956 ipse
587 3865 814 3954 Carthaginem
835 3866 946 3934 rediit:
973 3889 1075 3952 neque
1091 3888 1166 3934 eum
1182 3867 1289 3962 ceritas
