2724 4494
247 259 354 320 ευρ.
459 303 463 312 ,
590 241 933 316 muvnunmo
1183 195 1189 202 ’
1350 215 1353 392 4

660 489 874 558 CRASSUS.
1351 409 1353 544 i

263 667 389 746 Crasso,
402 645 526 732 belluna¹
543 663 724 730 Parthicum
749 663 783 730 in
804 663 913 730 animo
935 661 1093 744 molienti,
1113 663 1209 749 Syria
1233 667 1292 731 de·

240 805 336 858 crem
378 789 444 862 Qui
460 789 880 870 nemorumnemorum
905 789 1122 875 immunieque
1137 793 1292 876 volupta-
1350 785 1353 942 Ι

238 916 338 998 tibus,
353 935 455 1000 neque
470 913 504 978 in
518 911 663 999 perunit,
680 931 783 998 neque
793 911 826 978 in
836 911 939 998 glorit
957 911 1294 999 concupiscendam
1352 983 1353 992 χ

238 1039 369 1104 modum
394 1040 496 1116 ndrat,
517 1043 573 1099 aut
594 1035 743 1121 cupiebat
769 1033 951 1102 terminum.
996 1035 1110 1115 Hune,
1136 1037 1287 1122 proficis·

239 1169 363 1228 centem
379 1157 413 1224 in
429 1155 552 1244 symm
576 1155 652 1222 diris
676 1177 750 1220 oum
773 1153 947 1236 ominibus,
962 1155 1082 1222 tribuni
1096 1157 1188 1242 pleb.
1204 1159 1291 1222 drus·

239 1295 288 1352 tra
300 1280 434 1348 retinere
449 1277 574 1346 eonati=
597 1299 733 1368 quorum
748 1277 980 1344 exsecrationes
993 1279 1019 1344 ai
1034 1278 1068 1344 in
1084 1277 1194 1365 iprum
1211 1291 1285 1346 tan·

240 1399 1037 1490 tummodovaluissent,vileimperatorisdanrnurn
1045 1401 1287 1466 saluoexercitn

240 1531 353 1598 fuisset
366 1525 561 1616 reipublice.
594 1525 842 1610 Transgressum
857 1523 1044 1611 Euphraten
1056 1523 1213 1590 Crassum
1229 1549 1285 1611 pe-
1352 1513 1353 1558 ἕ

240 1659 425 1738 tentemqne
440 1645 628 1725 Seleuciam,
643 1643 842 1711 circumfusa
865 1643 1057 1710 immanibus
1072 1643 1175 1730 copiis
1190 1645 1285 1731 equi·

239 1785 321 1856 tum,
336 1793 392 1840 rex
419 1769 542 1836 Orodes
565 1771 631 1834 unt
646 1789 720 1834 cum
745 1777 832 1854 parte
856 1765 973 1855 majore
998 1767 1135 1834 Romani
1159 1769 1284 1833 exerei-

245 1889 481 1964 tdsinterernit.

370 2133 495 2200 Belmm
509 2131 605 2196 Ciuile
616 2131 694 2196 tuter
710 2129 902 2196 Pouummu
917 2140 946 2194 et
963 2129 1151 2196 Cneannrr.

262 2307 406 2396 Septimo
424 2308 524 2374 ferme
549 2323 634 2370 anno
657 2301 764 2368 castr
787 2307 967 2370 morabatur
990 2302 1025 2370 in
1050 2301 1167 2384 Gallis,
1192 2305 1280 2386 edm,

240 2431 380 2502 medium
395 2427 464 2517 jam
488 2449 528 2494 ex
550 2425 668 2494 invidit
691 2425 846 2516 potentin
870 2429 951 2494 male
975 2427 1170 2494 cohaerentis
1195 2427 1281 2492 inter

240 2555 302 2620 Cn.
326 2547 514 2640 Pompeium
536 2557 570 2614 et
593 2546 631 2612 C.
655 2545 812 2614 Caesarem
835 2543 1013 2614 concordie
1034 2545 1164 2635 pignus,
1190 2543 1279 2612 Julia

239 2705 320 2750 uxor
333 2675 447 2768 Magni
462 2673 615 2753 decessit3
638 2681 743 2760 atque,
767 2670 876 2738 omnia
889 2670 972 2734 inter
987 2667 1162 2736 deutiuatos
1187 2681 1276 2736 tanto

241 2803 414 2876 discrimini
437 2803 534 2870 duces
557 2799 724 2866 dirimente
748 2797 888 2877 fortuna,
902 2794 985 2860 filius
1010 2815 1137 2880 quoque
1161 2816 1276 2880 parvus
1351 2791 1352 2850 i

242 2926 396 3016 Pompeii,
410 2907 500 2990 J'ulit
514 2933 619 3003 natus,
633 2921 716 2986 intra
726 2921 821 2986 breve
836 2917 974 3004 spatium
989 2915 1079 2982 obiit.

249 3051 348 3134 ‚Tum
367 3045 401 3114 in
425 3045 548 3132 gladios
568 3043 734 3130 caedesque
758 3039 873 3108 ciuium
898 3041 1029 3128 furente
1050 3040 1174 3108 ambitu
1204 3047 1273 3126 (en-

236 3173 290 3262 jus
313 3187 417 3256 neque
440 3163 512 3232 finis
532 3161 745 3250 reperiebatur
768 3179 828 3226 nec
850 3159 978 3240 modus)
998 3157 1111 3224 tertius
1125 3159 1272 3224 eonsule-

239 3311 290 3364 tue
305 3292 365 3364 soli
381 3291 443 3358 Cn.
458 3283 624 3372 Pompeio,
638 3284 734 3350 etiam
764 3281 997 3350 adversantium
1017 3289 1111 3348 antea
1134 3282 1278 3370 diguituti

241 3419 311 3508 ejus
320 3412 455 3506 judicio,
469 3411 591 3478 delatus
606 3417 666 3474 est.
711 3403 810 3491 Cujus
825 3405 879 3470 ille
904 3403 1032 3470 honoris
1047 3405 1162 3490 glutit,
1178 3407 1274 3472 veluti

239 3531 449 3626 reconciliatis
464 3529 524 3598 eibi
540 3525 757 3616 optimatibus,
774 3523 913 3590 maxime
930 3525 948 3588 i
963 3523 1003 3590 C.
1019 3521 1144 3590 Caesare
1160 3525 1276 3594 atiena·

243 3673 295 3726 tus
310 3665 369 3723 est.
688 3657 693 3664 “
853 3629 859 3640 ’

277 3781 366 3849 Intra
378 3777 472 3844 breve
484 3773 598 3840 deinde
610 3771 747 3860 spatium
764 3767 839 3836 belii
855 3767 955 3836 civilia
970 3781 1154 3836 exarserunt
1169 3771 1272 3838 initia:
1350 3839 1351 3864 χ

240 3913 313 3978 eum
323 3901 520 3994 juatisaimue
543 3901 677 3992 quiaque
692 3914 725 3969 et
739 3903 759 3968 a
773 3901 898 3967 Cresaro
920 3909 955 3966 et
978 3899 997 3964 a
1011 3897 1167 3988 Pompeio
1182 3899 1271 3964 uellet
